2315 3068
1039 82 1559 142 DEDICATIO.'

363 167 627 239 Dolore
657 167 1038 237 afflietiffimi
1064 168 1305 238 Cordis
1327 172 1416 239 tui
1446 195 1588 237 non
1613 171 1848 260 jejunas
1877 166 2107 249 aristam,
2130 195 2283 264 quas

364 285 491 351 pro
519 284 668 328 mea
695 258 1079 327 sublevanda
1121 263 1343 354 inopia
1373 262 1439 328 in
1469 285 1679 328 unum
1707 260 2103 329 Fasciculum
2127 307 2143 335 ‚
2177 267 2280 329 seu

364 349 835 440 compendium
855 356 917 416 in
935 351 1177 416 notatis
1193 354 1346 417 meis
1362 350 1554 443 ligavi
1571 403 1586 427 ,
1615 370 1688 418 ut
1707 352 1770 417 in
1787 371 2105 443 promptu
2120 351 2280 418 sem--

358 463 480 532 per
499 439 819 516 haberem,
836 439 990 530 quid
1006 441 1338 507 fructuose
1357 438 1718 517 meditarer,
1732 442 1803 507 ὅ(
1817 464 2016 533 quem
2040 441 2279 507 statutis

362 529 765 622 temporibus
801 526 1077 622 parvulis
1111 530 1192 596 de
1230 527 1557 596 Cathedra
1601 553 1837 622 panem
1885 534 2275 624 frangerem.

355 616 600 686 Verum
633 620 737 685 cui
759 640 935 685 nunc
966 616 1309 685 meliorem
1346 618 1515 686 hanc
1540 616 1907 698 fruetuum,
1952 617 2274 687 laborum-

354 730 481 798 que
507 732 814 775 meorum
893 730 1094 775 artem
1121 706 1342 776 offero
1359 710 1396 777 *ζ

491 797 692 874 Tibi,
739 798 784 863 o
890 799 1238 865 OMINA!
1273 798 1389 864 sub
1418 800 1639 866 Cruce
1678 796 2020 889 Unigeniti
2060 818 2134 864 ac
2181 797 2272 863 di—

353 883 663 953 leffiffimi
689 886 818 953 Filii
840 891 929 954 tui
958 883 1171 963 stanti,
1201 887 1276 955 ὃς
1298 888 1552 954 mundo
1583 887 1834 976 perdito
1860 887 2271 963 succurrenti,

353 977 664 1066 quidquid
699 977 867 1053 sum,
903 976 1218 1069 quidquid
1246 977 1485 1053 habe0‚
1517 999 1822 1069 tanquam
1851 975 2271 1044 BenefaPtrici

354 1070 663 1133 omnium
688 1068 984 1133 maximae
1013 1064 1336 1133 humiliter
1361 1063 1617 1143 defero,
1650 1069 2004 1144 consecr0‚
2029 1089 2103 1135 ac
2128 1065 2269 1133 sub-

353 1155 564 1220 mitto,
617 1159 683 1222 O
712 1157 1148 1246 pulcherrima
1180 1157 1470 1222 Noemi!
1519 1158 1834 1249 quantum
1872 1157 1936 1222 in
1984 1157 2108 1223 hac
2137 1160 2270 1223 vica

351 1245 610 1311 mortali
637 1245 991 1312 humiliavit
1006 1249 1100 1311 Te
1114 1246 1553 1318 Dominum&
1578 1266 1819 1338 quanta
1843 1244 2271 1313 amaritudine
2309 1252 2315 1257 ’

351 1332 631 1420 replevit
670 1337 820 1402 Cor
875 1356 1066 1400 tuum
1124 1335 1582 1426 Omnipotens
1606 1380 1622 1406 ‚
1659 1335 1816 1401 dum
1879 1359 2018 1401 non
2062 1335 2270 1402 solum

351 1424 650 1490 Crucem
678 1423 789 1489 sub
822 1427 1067 1500 Cruce‚
1095 1415 1455 1514 omne'sque
1487 1445 1641 1491 tunc
1665 1425 1962 1518 patientis
2001 1423 2139 1491 Filii
2178 1425 2270 1491 tui

351 1510 642 1579 Dolores
666 1513 734 1578 in
759 1513 987 1580 Corde
1011 1512 1298 1606 perpessa
1322 1537 1402 1590 ες,
1428 1511 1531 1580 sed
1565 1516 1692 1602 jam
1717 1514 1792 1580 ab
1814 1512 1915 1580 illa
1940 1513 2119 1591 hora,
2140 1509 2269 1605 qua

52 1627 151 1670 Luc.
177 1638 219 1671 2.
243 1639 319 1678 35.
349 1599 750 1669 tibiSime-on
777 1602 1094 1695 praedixit:
1141 1607 1219 1668 Et
1248 1621 1411 1668 tuam
1432 1602 1604 1695 ipstus
1626 1606 1879 1669 animam
1898 1605 2264 1694 pertransibit

336 1691 594 1780 gladms,
628 1716 826 1783 usque
855 1691 933 1757 ad
961 1693 1105 1759 vitae
1135 1713 1254 1758 tuae
1280 1699 1629 1759 terminum
1658 1716 1795 1759 non
1835 1684 2109 1785 amplius
2141 1686 2177 1760 ὲι
2207 1713 2267 1762 te

346 1780 585 1848 receffit
612 1785 942 1871 Perpetuus
970 1781 1205 1847 Doloris
1223 1781 1465 1868 gladius.

50 1910 114 1950 fx
127 1906 287 1948 Litteris
484 1871 562 1936 Et
593 1869 725 1937 hoc
749 1871 836 1937 est
860 1866 904 1936 ἒ)
930 1872 1356 1938 DOMINA!
1392 1870 1574 1960 quod
1603 1894 1747 1937 non
1774 1870 1880 1936 abs
1912 1868 2117 1962 longe
2149 1894 2264 1960 per

48 1965 274 2041 publifflf‘?
346 1962 639 2032 Statuam
676 1980 855 2026 tuam
893 1957 1470 2049 Thavmatui·gam
1511 1958 1857 2027 Monachii
1910 1961 1978 2026 in
2007 1958 2258 2052 templo

51 2032 277 2074 “mmm'‘
347 2049 609 2115 Ducalis
634 2048 974 2138 Hospitalis
1010 2053 1069 2116 S.
1102 2046 1466 2115 Elisabethae
1502 2049 1732 2115 Viduae
1763 2054 1960 2116 Anno
1995 2052 2028 2114 a
2068 2052 2259 2117 Partu

51 2099 246 2139 Reveren-

51 2155 122 2213 Asz.
150 2153 276 2200 ordi·
345 2158 464 2203 tuo
492 2139 817 2231 Virgineo
849 2141 1027 2227 1690.
1052 2137 1156 2204 die
1181 2161 1260 2207 21.
1285 2140 1567 2227 Januarii
1596 2133 1965 2205 Christiano
2000 2140 2258 2230 populo

38 2221 304 2340 ᾗῖξῗῇζάη
344 2224 605 2294 volebas
632 2225 957 2295 insinuare
979 2273 995 2300 ‚
1038 2225 1195 2294 dum
1228 2229 1294 2294 in
1321 2230 1648 2322 praesentia
1683 2229 1869 2295 etiam
1909 2224 2257 2297 Illustrium

49 2313 257 2398 ηοᾫῳ,
345 2314 775 2384 Personarum
803 2317 914 2383 sub
950 2317 1212 2384 Litaniis
1238 2320 1625 2390 Laui-effluis,
1653 2317 1904 2411 publice
1932 2319 1997 2384 in
2032 2316 2255 2384 hono-

49 2408 284 2482 Upifpubli·
348 2428 486 2472 rem
511 2426 697 2474 tuum
732 2407 1086 2474 decantatis
1123 2403 1580 2474 misericordes
1612 2405 1840 2474 oculos
1866 2427 2012 2474 tuos
2041 2408 2255 2497 primo

50 2464 317 2533 ⁶¹⁵²mP'ff5'
347 2493 426 2560 ad
455 2493 886 2564 dulcissimum
916 2495 1321 2564 Infantulum
1364 2518 1549 2564 tuum
1578 2498 1806 2585 JEsum
1849 2496 1915 2562 in
1949 2496 2246 2590 praesepio

347 2583 584 2652 ibidem
613 2586 1108 2665 reclinatum‚&
1132 2586 1365 2654 exinde
1395 2587 1474 2652 ad
1500 2588 1850 2678 patientem
1877 2587 1953 2653 ὃς
1973 2589 2040 2652 in
2067 2607 2247 2652 cruce

348 2679 756 2744 morientem
768 2676 992 2747 Filium
1019 2697 1224 2757 tuum,
1250 2698 1322 2744 ac
1349 2676 1627 2745 demum
1650 2676 1730 2743 ad
1750 2673 2082 2770 populum
2100 2679 2244 2743 Mo-

2002 2785 2241 2853 *uacen-
