2315 3068
436 146 447 182 ς
505 123 588 183 De
611 119 799 194 Christo
822 137 889 177 ex
911 114 1121 192 Virgine
1141 96 1422 172 incarnato,
1755 119 1831 175 79

71 231 182 284 DEI
201 233 244 279 in
257 246 341 278 nos
355 227 526 275 miseros
547 209 609 267 Τὸ
624 229 691 271 Sic
703 219 945 286 emphatice
959 230 1190 283 exaggeret.
1256 217 1365 263 Item
1386 217 1429 261 in
1442 213 1526 260 alio
1544 211 1648 258 loco
1664 228 1676 256 t
1715 211 1835 257 Venit
1852 217 1938 258 Luc,
1953 224 2011 256 19.
2032 223 2078 252 ιο

72 303 187 348 Filius
200 299 361 344 hominia
375 308 551 354 quarere,
568 289 617 338 &
634 291 791 351 salvum
806 288 954 348 facere,
965 285 1073 346 quod
1080 288 1252 346 perier-at
1265 315 1275 332 ,
1309 280 1406 327 alias
1420 296 1512 326 non
1527 289 1744 327 venturus,
1755 273 1832 318 nisi

73 365 218 410 homo
238 360 425 424 periisset.
491 356 546 402 Et
571 357 613 401 in
631 353 715 401 alio
736 352 866 399 loco:
897 356 983 411 Ego
1005 354 1103 398 reni,
1119 362 1160 394 ut
1174 352 1299 394 vitam
1315 347 1496 395 habeant,
1509 331 1833 389 &abundantiiis
1846 338 1954 388 Joan.
1970 345 2032 375 10·
2050 343 2096 369 ¹0

73 429 269 474 habeann·
286 421 381 470 audi
394 428 445 469 <Sc
459 419 756 483 Apostolum:
789 415 930 471 Fidelis
934 415 1075 476 sermo,
1087 414 1236 477 inquit.
1249 409 1298 459 ὅθ’
1314 413 1422 457 omni
1433 410 1652 469 acceptione
1672 402 1832 464 dignus.
1857 419 1895 451 ι,
1916 402 2013 440 I'im.
2036 410 2072 449 ι,

77 490 183 552 ᾳιιὸά
197 488 363 547 Christus
381 486 560 551 JESLIS
577 488 685 531 venit
704 489 744 529 in
764 484 864 527 hunc
886 479 1074 527 mundum
1088 512 1098 529 ‚
1107 491 1328 541 peccatores
1331 475 1462 535 salvos
1477 473 1635 533 sacerffi·
1668 468 1768 514 hinc
1781 473 1832 514 <34
1910 468 1955 504 ¹5

76 554 262 602 Ecclesia
282 555 323 598 in
345 549 562 613 Symbolo
576 547 763 596 Concilii
785 547 953 593 Nicaeni
970 547 1102 591 canit:
1138 547 1218 605 Qi
1238 554 1396 603 propter
1409 555 1478 584 nos
1490 532 1734 584 hominm&
1745 549 1834 596 pro·

72 634 160 683 pter
173 618 341 679 nostram
354 616 522 675 salutem
536 612 736 674 descendit
751 611 801 658 cie
824 616 920 657 coelis
932 644 942 660 ‚
957 609 1244 657 &incarnatus
1256 605 1320 666 est,
1335 610 1424 651 &o

204 680 430 728 Accedunt
447 680 690 725 testimonia
713 677 782 724 SS.
799 676 972 724 Patrum
988 711 997 728 ,
1030 672 1144 720 unde
1165 670 1267 717 illud
1289 670 1329 717 S.
1354 665 1580 730 Augustini
1603 683 1613 709 :
1660 665 1705 707 si
1722 664 1838 707 homo
1857 659 1890 694 S·
1910 649 2063 706 August·

77 765 154 795 non
170 746 345 809 periisset,
358 748 475 791 Filius
489 746 654 789 hominis
671 760 749 790 non
763 742 937 801 venissen·
972 746 1023 787 86
1042 740 1085 785 ῐη
1109 737 1195 784 alio
1215 735 1344 784 Ioco:
1376 735 1503 780 Nulla
1526 727 1728 789 causafuit
1740 728 1842 772 vem·-
1859 711 1968 803 serug..
1988 705 2121 797 3:⁸³⁶st

76 811 170 859 endi
188 810 334 870 Christo
353 813 536 856 Domino
550 843 560 857 ‚
575 809 646 868 nisi
660 822 879 869 peccatores
889 806 1021 866 salvos
1025 805 1188 866 facerer
1221 804 1287 848 cui
1309 799 1466 846 affentit
1479 797 1520 844 S.
1544 795 1725 841 Irenaeus
1742 809 1754 836 ε
1791 793 1838 835 Si
1858 770 2086 861 gleetmxssetriio
2097 778 2139 856 9⁶·

15 920 22 923 .
76 894 154 924 non
165 878 323 922 haberet
340 892 432 921 caro
438 873 602 933 salvari,
615 889 860 933 nequaquam
887 872 1055 918 Verbum
1076 885 1169 915 caro
1185 869 1340 930 fatiam
1358 863 1443 923 effi’t
1465 880 1477 912 ς
1524 865 1575 906 δέ
1591 857 1633 906 S.
1646 854 1842 902 Ambro-
1857 881 1889 917 ς.
1909 846 2085 916 nen-xus·

74 943 158 989 fius
184 961 195 987 :
258 945 356 1002 Qoe.
380 949 466 985 erat
479 937 592 998 causa
610 941 910 989 incarnationis,
924 936 996 995 nisi
1009 949 1052 981 ut
1073 951 1179 982 caro,
1193 950 1275 994 quae
1286 941 1537 994 peccaverat,
1562 923 1839 971 redimeretur?
1861 935 1888 972 1,
1905 945 1938 981 5,
1955 940 2021 979 cap
2053 936 2116 969 14·

78 1005 250 1066 Qibus
267 1005 455 1067 adjungo
469 1003 509 1049 S.
525 1002 830 1048 Athanasium:
866 1006 926 1047 th
943 1003 1124 1049 Verbum,
1136 1000 1283 1063 inquit,
1292 997 1406 1056 fieret
1420 997 1549 1040 homo,
1563 982 1840 1048 nunquamde-
1860 994 1893 1032 S.
1911 985 2043 1028 Ambr.
2062 981 2091 1020 1.

70 1071 262 1134 stinatum
278 1069 420 1131 fuiffet,
433 1069 503 1127 nifi
512 1071 674 1114 hominis
693 1063 944 1124 neceffitasid
959 1062 1192 1128 postulfflht.
1260 1061 1395 1108 Mitto
1413 1059 1545 1118 quam
1568 1054 1750 1119 plurima
1764 1047 1841 1095 alia
1860 1045 1904 1083 de
1921 1049 2065 1085 lucam.

78 1135 613 1183 SS.Patrumtestimonia‚
648 1134 936 1184 afferentium,
968 1131 1314 1176 Incarnationem
1333 1124 1521 1173 VERBI
1535 1124 1578 1167 in
1601 1115 1839 1165 remedium
1859 1114 1939 1153 (ΖΨ
1967 1108 2002 1137 ⁶·
2053 1147 2072 1186 s

79 1201 254 1264 peccati,
265 1205 315 1246 δέ
330 1197 676 1259 redemptionem
699 1198 858 1259 generis
873 1196 1049 1241 humani
1069 1192 1285 1258 praecipu'e
1308 1190 1426 1237 fuiss‘e
1440 1187 1615 1234 fafitam,
1631 1200 1727 1248 quae
1750 1178 1842 1226 sen-
1860 1154 2134 1252 {agghanacgm

79 1267 206 1312 tentia
225 1275 377 1326 utpote
391 1261 515 1307 altera
540 1261 672 1324 longe
686 1260 953 1324 probabilior
975 1294 985 1309 ,
1022 1262 1145 1305 etiam
1159 1258 1296 1303 multo
1312 1256 1448 1318 magis
1471 1252 1681 1299 Divinam
1695 1249 1738 1292 in
1759 1261 1843 1292 nos
1861 1281 1917 1308 “a
1939 1225 2063 1308 (ἐξω,
2130 1253 2136 1259 ·

80 1331 323 1377 charitatem
342 1344 389 1372 ac
404 1326 640 1372 bonitatem
667 1324 959 1374 commendat,
975 1327 1106 1388 quam
1120 1325 1152 1370 fi
1167 1322 1325 1369 dicatur
1337 1355 1349 1374 ,
1384 1318 1605 1367 Christum
1625 1312 1686 1360 ob
1706 1309 1846 1376 perfe-

82 1396 278 1444 <tionem
300 1391 482 1437 universi
506 1390 623 1436 fuisse
637 1391 680 1434 in
695 1388 912 1434 mundum
934 1402 1178 1435 venturum.
1232 1396 1237 1399 “

186 1457 254 1502 Ex
269 1454 435 1520 quibus,
450 1453 638 1517 prudens
650 1453 826 1501 Lector,
841 1453 995 1517 collige
1007 1449 1223 1498 immensae
1235 1452 1277 1497 in
1289 1463 1328 1497 te
1342 1448 1588 1500 clementiae,
1601 1449 1652 1492 <36
1664 1440 1844 1489 Divinae

77 1521 286 1568 Bonitatis
300 1530 610 1581 argumentum,
622 1516 726 1583 quid
750 1519 864 1564 enim
878 1520 1028 1564 meruit
1040 1517 1402 1579 homo,peccator
1414 1527 1501 1560 tam
1513 1507 1844 1558 abominandus,

77 1592 130 1633 86
141 1583 242 1631 laesae
256 1584 430 1631 Divinae
444 1582 676 1645 Majestatis
701 1600 792 1629 reus
808 1619 818 1637 ‚
869 1586 1000 1648 quam
1016 1596 1060 1629 ut
1083 1600 1183 1629 cum
1196 1580 1368 1645 Angelis
1383 1576 1643 1642 Apostaticis
1664 1586 1845 1638 propter

79 1649 278 1696 demerita
292 1650 452 1694 aeternIS
466 1647 735 1711 deputaretur
747 1646 962 1712 suppliciis
973 1659 992 1694 ?
1015 1653 1111 1712 Qis
1125 1649 1195 1693 tibi
1208 1647 1426 1708 imputabit,
1439 1645 1492 1690 ait
1505 1642 1692 1704 Sapiens,
1695 1639 1734 1699 st
1745 1641 1844 1700 peri·
1865 1648 1944 1697 Sap.
1962 1658 2023 1685 12.
2050 1655 2065 1684 ι
2078 1659 2096 1682 2

79 1721 182 1763 erint
193 1719 384 1766 nationes,
394 1731 485 1774 quas
500 1713 703 1774 tufecisti:
737 1731 816 1759 non
830 1719 932 1760 enim
950 1719 1048 1759 alius
1060 1713 1112 1773 est
1124 1718 1214 1758 DE
1217 1717 1301 1765 HS,
1312 1727 1429 1772 quam
1448 1716 1518 1756 tu?
1551 1707 1605 1753 Et
1620 1706 1651 1751 s1
1673 1704 1844 1750 univer-

80 1780 146 1827 sus
159 1793 360 1825 terrarum
379 1777 496 1824 orbis
522 1795 671 1824 coram
683 1778 821 1824 DEO
835 1787 934 1825 non'
949 1777 1060 1825 aliud
1077 1781 1149 1826 est,
1165 1778 1296 1842 quam
1321 1780 1436 1822 unica
1451 1776 1612 1834 guttula
1626 1774 1724 1815 roris
1737 1782 1844 1814 ante-
1864 1769 1944 1819 Sap.
1966 1779 1983 1805 1
1995 1777 2027 1804 1·
2046 1777 2093 1814 23

80 1849 224 1896 lucani,
240 1857 376 1907 quota
390 1859 485 1905 pars
501 1859 541 1887 es
557 1856 600 1888 tu
613 1853 632 1888 ζ)
665 1841 852 1889 Proinde
865 1845 896 1888 s1
913 1855 1028 1889 totus
1039 1841 1227 1888 mundus
1242 1842 1430 1904 periisset,
1445 1838 1585 1884 habita
1597 1834 1706 1882 DEI
1719 1834 1846 1879 ratio-

78 1928 135 1957 ne
147 1905 322 1973 perinde
335 1906 469 1953 fuisset
492 1920 619 1970 atque
642 1909 674 1953 si
699 1909 810 1953 canis
825 1920 895 1952 aut
920 1906 1042 1953 culex
1063 1941 1073 1956 ‚
1118 1906 1186 1952 vel
1201 1903 1358 1968 aliquid
1379 1907 1432 1950 eo
1455 1905 1595 1950 minus
1617 1900 1847 1946 interiisset:

78 1979 188 2023 Istnc
201 1976 350 2018 bonitm
365 1971 536 2032 effulget,
548 1970 641 2017 sunt
664 1972 794 2018 verba
806 1970 1119 2019 §.Damascenh
1132 1971 1237 2032 qubcl
1244 1972 1426 2031 figmenti
1429 1968 1505 2028 sui,
1517 1970 1588 2013 hoc
1607 1964 1843 2025 estdmminia
1863 1967 1895 2006 S,
1915 1959 2086 2005 Damfc.

79 2041 377 2087 imbecillitatem
389 2042 480 2082 DE
483 2041 556 2082 LlS
566 2054 644 2082 non
658 2036 971 2099 contempfit‚sed
983 2037 1078 2097 lapsi
1086 2041 1206 2083 vicem
1219 2035 1470 2094 doluit,eique
1483 2048 1642 2078 manum
1654 2032 1844 2092 porrexit.
1866 2020 1931 2056 lib.
1956 2033 1971 2067 3
1999 2016 2086 2055 fidei

80 2105 127 2152 O
141 2101 356 2169 quantum
375 2103 498 2165 igitur
512 2101 724 2165 obligatus
751 2119 816 2155 es,
838 2103 977 2147 anime
992 2101 1073 2146 mi!
1109 2094 1375 2147 SS.Trinitati
1399 2115 1482 2160 pro
1503 2093 1734 2142 admirabili
1758 2092 1846 2139 hoc
1868 2075 2058 2113 Orthdox.

79 2168 262 2218 confilio
278 2165 401 2228 super
422 2169 574 2212 animae
602 2180 682 2212 tuae
708 2165 866 2212 salute?
903 2164 1133 2227 Qantiim
1147 2164 1359 2228 obligatus
1373 2162 1481 2209 Filio
1507 2162 1628 2210 DEI,
1646 2162 1762 2222 cujus
1776 2159 1848 2203 In·
1869 2144 1949 2182 cap,
1975 2143 2037 2212 ¹⁹³

81 2233 332 2284 carnationis
346 2230 500 2294 scopus
515 2233 665 2278 unicus
682 2230 760 2277 fuit
780 2230 1019 2293 redemptio
1035 2236 1170 2283 tua,&
1185 2229 1429 2276 instauratio
1443 2227 1619 2276 Divinae
1631 2224 1847 2286 Imaginis,
2020 2215 2022 2217 ’

81 2319 177 2367 quae
198 2300 240 2344 in
254 2309 293 2342 te
314 2313 390 2359 per
403 2309 630 2368 peccatum
643 2310 730 2342 tam
749 2295 865 2342 foed'e
879 2309 961 2342 erat
985 2294 1222 2342 deformata
1235 2304 1253 2340 ?
1290 2290 1521 2348 Quantum
1537 2291 1718 2354 denique
1734 2287 1848 2334 obli-

79 2380 198 2430 gatus
211 2362 684 2424 B.VirginithR1AE,
698 2379 794 2425 quae
816 2360 892 2407 suo
907 2360 1099 2423 singulari
1121 2358 1276 2406 assensu
1302 2362 1344 2404 in
1358 2358 1698 2404 Incarnationem
1716 2370 1846 2398 mun-

81 2430 143 2478 do
168 2427 364 2476 succurrit
378 2425 545 2489 perdito
557 2437 576 2471 ?
609 2431 698 2472 Filii
711 2431 821 2471 DEI
831 2429 1061 2472 Incarnatio
1076 2421 1269 2486 &paffim
1285 2426 1338 2469 ait
1353 2422 1643 2483 Qaresmius,
1658 2424 1848 2480 Deiparae
1869 2421 2062 2470 Qaresm.

85 2498 244 2556 Virgini
257 2495 409 2537 Maria
427 2491 539 2551 fidei,
551 2490 792 2539 obedientia,
807 2507 853 2536 ac
875 2492 977 2536 bonis
996 2493 1181 2551 operibus,
1186 2490 1439 2549 fingulariter
1458 2483 1665 2532 tribuenda
1679 2482 1845 2544 est,&c.
1869 2480 1944 2516 To.
1958 2490 1996 2519 4·
2017 2490 2050 2518 c.
2076 2487 2125 2521 19

82 2560 131 2607 Ο
145 2557 384 2611 beatiffima
406 2557 546 2619 Virgo
561 2561 612 2603 δέ
624 2554 790 2602 Mater!
807 2554 908 2601 ver'e
923 2557 994 2619 qui
1017 2567 1056 2600 te
1069 2571 1162 2600 non
1186 2566 1310 2606 amat,
1326 2551 1548 2598 anathema
1562 2551 1622 2595 fit.
1868 2532 1948 2572 sest·
1973 2545 2035 2577 ¹²·

211 2641 252 2682 3.
286 2621 388 2666 Hoc
403 2619 700 2667 admirandum
713 2621 1018 2666 Incarnationis
1031 2621 1295 2681 mysterium,
1309 2635 1359 2663 ex
1374 2632 1464 2681 quo
1482 2627 1624 2661 totum
1646 2610 1742 2659 fidei
1764 2629 1847 2659 no-

83 2692 176 2736 strae
190 2684 450 2735 ortliodoxae
466 2684 799 2731 fundamentum
823 2683 1005 2747 pendet,
1033 2687 1124 2746 jam
1149 2684 1170 2729 ὲ
1188 2685 1323 2746 prima
1339 2679 1488 2726 mundi
1506 2691 1623 2724 aetate
1645 2676 1847 2723 revelavit

84 2752 254 2802 DEUS
265 2748 454 2803 Adamo,
470 2748 577 2798 dum
597 2752 633 2798 ei
646 2748 853 2798 somnum
875 2751 1071 2798 immisit:
1092 2748 1269 2809 -Immistt
1285 2762 1379 2810 ergo
1393 2749 1589 2793 Dominus
1603 2747 1771 2792 DELIS
1789 2741 1848 2800 so·
1873 2740 2001 2784 &nest
2011 2750 2048 2784 2·
2068 2749 2116 2778 21

1718 2822 1853 2871 porem
