2315 3068
605 64 690 169 ᾖε
700 57 965 189 pterffliirto
991 107 1150 170 Corde
1174 107 1232 169 B.
1255 113 1318 169 V.
1774 133 1839 185 5¹1

55 213 167 278 τηρ
186 211 239 277 est
252 211 312 261 ad
322 226 410 260 eum
437 213 477 259 in
501 227 637 259 arcam
652 245 664 261 ,
699 211 954 273 extenditque
972 228 1134 260 manum
1146 247 1157 263 ,
1194 211 1245 261 ά
1265 212 1539 276 apprehensam
1559 215 1698 262 intulit
1717 218 1759 261 in
1778 232 1842 262 ar-

55 298 159 329 cam.
226 280 310 327 Res
323 281 448 328 mira.
483 275 606 342 quod
632 279 708 324 ista
723 276 932 325 columba
952 296 1047 326 non
1067 281 1255 344 potuerit
1269 281 1312 326 in
1329 278 1438 326 orbe
1462 281 1640 344 reperire
1664 278 1815 328 locum
1829 316 1842 333 .

57 347 134 394 ubi
155 343 424 411 requiesceret
448 359 524 407 pes
540 345 653 406 ejus.
669 349 721 390 <36
746 356 888 389 tamen
914 361 1076 391 corvus
1097 346 1260 392 invenit
1272 343 1348 391 fibi
1370 344 1520 392 locum
1535 382 1545 400 ,
1588 344 1661 393 ubi
1676 344 1842 393 habita«

58 424 143 462 ret,
165 418 214 459 &
228 409 373 458 cibum
387 443 397 458 ‚
412 425 506 474 quo
520 406 559 454 se
574 412 791 455 reficeret?
825 407 1041 456 Observat
1062 406 1136 457 hic
1153 409 1193 457 S.
1207 411 1461 458 Vincentius
1481 410 1838 476 Ferre1·iu8‚quod
1862 423 1892 459 s,
1913 422 2083 472 vincent,

57 493 136 543 per
158 475 321 524 ἀίἂειτη
338 472 592 522 columbam
613 473 790 538 Spiritus
803 473 986 522 Sandffls
1013 474 1164 522 debeat
1188 474 1422 530 subaudiri,
1455 479 1530 541 qui
1545 479 1587 523 in
1602 479 1732 524 veteri
1755 475 1841 524 Le-
1861 478 1991 541 Ferret.
2008 480 2106 524 serm

59 544 245 607 ge,&in
259 538 493 588 carnalibus
517 538 596 586 illis
611 538 768 587 saeculis
792 539 956 586 nullam
979 540 1055 588 fibi
1075 547 1126 589 <36
1140 540 1352 588 VERBO
1373 541 1638 590 incarnando
1663 540 1839 605 dignam
1861 548 1898 572 ¹¹¹
1921 537 2035 589 V¹gif·

59 608 367 655 habitationem
380 605 523 669 potuit
534 606 726 652 invenire
737 641 747 659 ‚
782 623 924 670 neque
938 606 1080 654 voluit
1092 605 1185 654 haec
1198 605 1496 655 candidissima
1510 607 1720 655 columba
1732 625 1837 656 cum
1859 594 2000 632 pentec.

57 670 292 720 immundo
307 687 447 718 corvo
469 672 514 717 in
529 687 659 718 coeno
673 706 684 725 ‚
717 670 811 719 luto
836 677 887 718 <36
899 670 1056 719 foetore
1076 671 1410 720 immundorum
1423 672 1722 721 humanorum
1736 689 1836 721 cor-

58 737 178 785 dium
193 736 269 783 fibi
287 737 477 799 requiem
497 740 624 800 figere
656 754 671 792 ;
733 749 1001 802 quapropter
1015 739 1153 801 justus
1168 736 1237 784 ille
1257 739 1464 786 Noie’mus
1478 773 1487 789 ,
1513 738 1604 785 hoc
1625 740 1700 792 est,
1714 739 1836 786 Pater

17 842 20 848 .
58 804 264 852 AEternus
279 836 289 851 ‚
324 800 376 848 de
398 818 525 849 novo
541 802 649 849 circa
663 801 883 866 vesperam
896 802 1047 850 mundi
1062 801 1244 850 eandem
1257 805 1482 867 pacificam
1497 802 1743 851 amandavit
1755 820 1835 851 co-

59 867 255 916 lumbam
268 901 278 915 ,
302 885 411 932 quae,
426 866 695 914 consideratis
711 869 913 915 omnium
927 885 1133 931 purarum
1149 881 1433 917 creaturarum
1456 868 1672 918 cordibus,
1687 866 1834 917 solum

58 935 355 998 inpurissimo
369 930 517 980 Corde
536 933 588 979 Β.
603 934 661 980 V.
675 931 902 980 MARIAE
915 935 1101 996 primam
1113 933 1190 981 fibi
1205 933 1346 981 sedem
1361 971 1372 988 ‚
1408 941 1457 982 <34
1471 934 1685 984 VERBO
1699 937 1837 981 incar*

59 997 210 1047 nando
235 1011 432 1062 optatam
454 999 645 1059 requiem
670 1000 835 1045 invenit
855 1032 866 1047 ‚
901 1016 955 1046 ex
967 1016 1059 1057 quo
1081 1000 1440 1064 SS.&VirgIneo
1454 999 1603 1048 Corde
1618 999 1758 1055 ,velut
1782 1017 1838 1047 ex

62 1064 182 1113 oliva
203 1061 387 1128 speciosa
406 1060 682 1111 virescentem
707 1063 827 1110 illum
849 1063 1159 1114 ramusculum,
1194 1064 1284 1113 hoc
1308 1069 1393 1116 est.
1418 1066 1640 1114 Christum
1655 1103 1664 1120 ,
1690 1068 1765 1132 qui
1782 1064 1837 1113 ab

62 1128 183 1178 oliva
208 1146 373 1176 nomen
389 1127 568 1182 sortitur,
583 1128 752 1176 mundo
777 1128 985 1192 naufrago
1000 1132 1043 1176 in
1067 1131 1236 1193 signum
1249 1132 1605 1180 reconciliationis
1629 1134 1671 1178 in
1685 1148 1840 1178 manus·

61 1208 257 1259 paternas
279 1194 546 1258 deportavit:
588 1199 709 1243 Venit
720 1193 777 1241 ad
795 1211 882 1241 eum
903 1194 960 1241 ad
981 1197 1357 1259 vesperam,portans
1371 1215 1526 1246 ramum
1547 1202 1659 1246 olivae
1679 1201 1839 1246 virenti·
1860 1217 1952 1254 Gen,
1979 1225 2013 1261 8.
2037 1229 2084 1257 ,u

63 1262 264 1324 bussoliis.

190 1323 429 1374 Considera
449 1341 501 1372 ex
525 1324 637 1375 hoc.
671 1327 813 1371 anima
828 1323 1069 1372 Christiana
1083 1328 1239 1390 ,quiam
1253 1327 1470 1375 mundum
1494 1327 1841 1392 fuerit.&qu?÷1m

60 1407 236 1457 purum.
250 1403 378 1454 atque
401 1389 453 1436 ab
469 1392 593 1437 omni
605 1392 769 1454 peccati
782 1389 876 1436 labe
886 1389 1074 1436 alienum
1086 1391 1423 1440 Sacratiffimum
1438 1392 1570 1442 COR
1589 1393 1816 1441 MARIAE
1831 1413 1845 1440 ε

60 1463 107 1504 Si
120 1461 200 1502 coeli
214 1473 293 1501 non
301 1460 395 1516 sunt
409 1453 548 1501 mundi
560 1459 602 1500 in
626 1458 822 1517 conspectu
845 1460 947 1515 ejicsz
981 1456 1114 1510 quam
1134 1456 1352 1505 mundum
1377 1456 1500 1522 igiiur
1512 1462 1709 1524 oportuit
1722 1459 1842 1507 fuisse
1863 1458 1945 1506 lob.
1968 1471 2030 1509 ¹5.
2052 1468 2108 1515 t5j

60 1521 166 1572 illud
180 1521 312 1570 COR
333 1521 610 1584 Virgineum,
643 1518 766 1584 quod
786 1517 927 1583 ipsum
952 1520 1153 1570 DEUM
1165 1521 1270 1569 adse
1284 1522 1338 1570 de
1359 1523 1475 1571 coelo
1498 1528 1687 1580 attraxit,
1701 1530 1768 1587 qui
1787 1524 1840 1587 est
1862 1534 1941 1582 sap·
1966 1543 2003 1579 71
2032 1541 2087 1574 26

59 1587 215 1637 candor
226 1590 322 1634 lucis
344 1593 524 1633 aterna?
557 1585 611 1632 Et
624 1587 655 1633 fi
670 1585 778 1633 olim
793 1602 886 1632 arca
911 1585 979 1633 illa
992 1586 1258 1635 Testamenti
1270 1623 1279 1638 ‚
1302 1591 1346 1636 in
1362 1606 1446 1655 qua
1470 1608 1628 1638 manna
1643 1608 1744 1638 cum
1756 1593 1844 1639 vir<
2124 1608 2127 1610 ·

60 1671 116 1719 ga
131 1654 344 1701 Aaronica
366 1650 668 1701 asservabatur,
703 1668 797 1699 non
812 1649 957 1698 solium
970 1658 1093 1701 autea
1117 1670 1195 1717 per
1209 1656 1431 1702 circuitum
1446 1663 1612 1704 corona
1625 1655 1817 1704 redimita
1828 1690 1841 1707 .

61 1718 131 1767 sed
147 1725 196 1766 &
217 1715 470 1766 extrinsecus
495 1729 622 1782 atque
642 1715 883 1764 intrinsecus
900 1719 1132 1781 puriffimo
1159 1736 1264 1767 auro
1291 1723 1464 1774 vestita,
1499 1727 1551 1769 δέ
1575 1735 1725 1771 ornata
1739 1721 1844 1770 fuit:

62 1791 120 1831 Et
132 1784 339 1830 deaurabis
353 1799 438 1827 eam
454 1799 553 1828 auro
575 1779 828 1839 mundtffimo
849 1788 952 1828 intus
967 1781 1017 1830 (φ’
1027 1785 1134 1845 foris
1147 1820 1156 1837 ‚
1178 1790 1269 1832 &a
1339 1787 1524 1842 Quanto
1537 1788 1675 1853 magis
1697 1787 1844 1835 Sacra.

63 1852 273 1898 tissimum
289 1847 421 1894 COR
436 1848 623 1909 Virginis
643 1863 692 1892 ac
706 1845 857 1892 Matris
872 1844 1007 1899 DEI,
1040 1847 1159 1895 velut
1184 1867 1279 1897 arca
1300 1854 1496 1905 animata,
1508 1853 1552 1898 in
1566 1870 1653 1918 qua
1675 1855 1842 1918 requie-

64 1914 192 1965 sceret
208 1910 292 1977 ipse
307 1911 498 1964 DEUS,
526 1909 579 1958 ab
595 1913 719 1958 omni
733 1909 856 1958 sorde
880 1909 1026 1958 debuit
1049 1911 1169 1960 fuisse
1193 1914 1411 1963 alienum?
1445 1916 1518 1963 Ah
1537 1919 1706 1983 quoties
1719 1921 1844 1965 intrat

63 1979 118 2028 ad
142 1995 226 2027 nos
239 1979 283 2026 in
297 1978 541 2025 Dii-issimo
556 1976 703 2040 Epulo
718 1975 805 2040 ipse
818 1976 924 2023 DEI
939 1975 1081 2032 Filius,
1092 1984 1145 2026 δέ
1159 1996 1235 2027 cor
1255 1984 1455 2028 nostrum
1468 1981 1610 2031 adhuc
1634 1995 1722 2031 tam
1734 1984 1846 2049 tepia

63 2044 185 2100 dum,
199 2056 287 2091 tam
310 2041 574 2106 languidum.
588 2054 676 2088 tam
689 2040 858 2093 durum,
871 2059 926 2089 ne
939 2040 1095 2099 dicam,
1106 2057 1195 2092 tam
1215 2045 1497 2097 immundum
1511 2051 1574 2097 est
1588 2060 1606 2097 2
1641 2056 1845 2114 Praepara-
1869 2073 1900 2104 ι.
1914 2062 2010 2116 Reg.
2027 2072 2064 2109 γ.
2086 2071 2104 2112 3

67 2126 108 2160 te
122 2109 245 2159 corda
264 2109 389 2169 vestra
408 2113 705 2155 1)omin0‚&c.
1391 2145 1396 2151 .

196 2192 239 2236 3.
274 2172 565 2222 Confiderasti
579 2171 826 2234 aliquando,
840 2172 1027 2237 prudens
1038 2171 1298 2229 Leitorfilla
1312 2190 1463 2227 notatu
1479 2176 1724 2243 digniffima
1746 2193 1846 2230 ver-

66 2243 145 2292 ba.
168 2258 267 2308 quae
280 2238 475 2287 Christus
500 2240 786 2302 pientiffimus
805 2237 1078 2304 Redemptor
1101 2253 1197 2288 tuus
1213 2275 1224 2291 .
1258 2259 1377 2290 nunc
1402 2243 1455 2291 de
1471 2246 1679 2308 Virgineo
1693 2246 1848 2294 Matris

66 2307 150 2358 suae
162 2320 283 2354 utero
296 2301 591 2369 progrediens,
604 2304 657 2352 ad
672 2305 840 2351 Patrem
853 2303 1024 2352 locutus
1038 2308 1100 2352 est
1113 2340 1124 2355 ‚
1159 2323 1209 2354 ac
1224 2319 1326 2355 tunc
1340 2308 1531 2359 demum.
1547 2308 1653 2357 cum
1664 2313 1708 2359 in
1721 2311 1845 2376 ligno

66 2375 202 2424 crucis
226 2373 271 2419 in
292 2386 446 2419 manus
460 2368 653 2433 ejusdem
673 2370 803 2418 Patris
825 2370 1029 2434 Spiritum
1052 2371 1405 2429 commendaret,
1437 2374 1491 2422 de
1512 2392 1640 2423 novo
1655 2380 1845 2442 repetiit:

69 2443 273 2507 Qom'am
285 2451 330 2483 tu
345 2454 394 2486 es,
408 2434 640 2500 inquiebat,
652 2440 718 2497 qui
735 2435 944 2498 extraxtsti
962 2452 1023 2482 me
1035 2436 1086 2484 de
1107 2452 1267 2485 ventre.-
1285 2442 1368 2502 spes
1379 2458 1466 2487 mea
1489 2443 1537 2487 ab
1549 2443 1725 2490 uberibus
1738 2450 1840 2491 Ma·
1859 2448 1950 2489 Psal.
1974 2461 2036 2494 ει,
2051 2463 2074 2496 9

65 2515 138 2556 tris
158 2520 263 2552 mea.
331 2499 452 2563 Qd
466 2500 589 2552 dicis,
615 2501 647 2548 ὃ
668 2500 885 2561 miJESU
900 2521 913 2548 ε
946 2507 1028 2567 Qi
1049 2503 1258 2565 extraxisti
1278 2523 1339 2553 me
1350 2506 1401 2554 de
1424 2515 1583 2554 ventre?
1614 2508 1843 2556 Tertullia-

69 2589 150 2621 nus
166 2568 482 2633 antiquissimus
505 2565 636 2632 legit?
669 2566 862 2628 Avulsisti
874 2567 996 2614 mede
1007 2576 1172 2615 ventre?
1206 2575 1258 2616 δέ
1280 2570 1588 2626 cur,0bsecro:
1621 2574 1837 2635 Avulfistit

69 2637 254 2686 adverte.
265 2631 390 2698 quod
405 2630 458 2680 ab
472 2631 613 2699 aliqua
627 2649 671 2680 re
693 2634 738 2679 vi
763 2632 968 2683 avellitur,
980 2631 1144 2681 fortiter
1157 2635 1193 2680 ei
1213 2632 1424 2685 adhaerere
1437 2634 1587 2693 debet;
1631 2637 1700 2686 sed
1715 2639 1844 2688 Chri-

71 2706 160 2752 stus
181 2701 364 2747 aventre
386 2696 538 2746 Matris
559 2700 604 2747 vi
617 2696 786 2746 avulsus
810 2701 893 2749 est.
915 2715 1021 2764 ergo
1046 2698 1211 2746 fortiter
1228 2701 1266 2748 ei
1279 2701 1475 2762 adhaefit5
1508 2718 1612 2768 ergo
1628 2707 1767 2760 etiam,
1782 2722 1846 2752 re-

69 2781 236 2836 pones,
256 2765 471 2821 invitusin
484 2762 628 2815 lucem
637 2766 870 2815 natusest?
1657 2788 1661 2791 ·

1863 1811 1980 1858 Exod,
1995 1823 2058 1861 25,
2074 1827 2124 1859 ιι

1047 2827 1094 2883 G
1131 2846 1161 2890 ι
1720 2833 1845 2887 Absst
