2315 3068
235 548 342 586 Cant.
370 557 398 590 3.
425 559 441 582 z

226 881 311 922 Luc,
341 890 400 923 15.
417 891 440 921 4

225 1211 313 1247 Luc.
338 1220 396 1254 15.
420 1218 437 1248 8

224 1469 349 1514 Genes]
376 1483 437 1518 37,

283 1539 329 1570 30

213 2750 295 2786 Iob.
321 2760 354 2789 6.
384 2764 427 2792 ιω

519 144 541 183 1
552 144 624 197 42
1139 118 1467 211 consideratio
1543 120 1668 179 XX.
1692 196 1695 198 Ι

638 221 702 266 Ita
723 219 889 282 Sponsa
912 217 1076 264 Veteris
1094 215 1360 262 Testamenti
1386 254 1395 270 ,
1458 217 1562 264 curn
1576 216 1803 265 Dilectum
1821 216 1960 265 cordis
1988 214 2044 262 sui
2066 217 2277 268 amifiss‘et.

517 289 662 334 omnis
686 301 820 331 morae
837 285 1058 347 impatiens
1073 298 1165 328 non
1189 280 1340 328 destitit
1354 300 1453 329 eum
1469 282 2082 349 ubiquelocoruminquirere,
2094 280 2206 328 unde
2227 281 2279 330 ad

517 350 667 398 forum
693 347 1214 397 contendit,existimans,
1251 346 1372 409 quod
1387 347 1500 394 forte
1525 348 1705 396 dilectus
1729 350 1880 395 animae
1894 348 2084 411 Sponlus
2104 348 2147 393 in
2174 364 2281 394 con-

523 430 655 462 ventu
682 415 913 461 hominum
937 412 1048 460 foret
1069 411 1364 458 inveniendus.
1433 413 1663 459 Civitatem
1687 412 1838 460 exinde
1861 414 2001 478 petiit,
2035 418 2280 473 omnesque

521 485 608 542 ejus
627 479 780 543 plateas
806 479 1065 542 peragravit,
1097 475 1164 522 sed
1188 495 1266 522 nec
1289 479 1466 524 invento
1485 477 1558 524 illo
1578 478 1628 524 ad
1654 481 1776 526 vicos
1791 485 1841 526 &
1863 495 2001 542 pagos
2023 478 2279 541 pertransiit:

517 553 700 606 Surgam.
714 544 929 608 inquiebat
944 577 953 592 ,
989 542 1218 589 &circuibo
1242 546 1453 591 civitatem,
1463 558 1532 604 per
1549 543 2078 606 vicos&plateas,quaeram,
2092 559 2203 603 quem
2221 540 2281 588 di·

517 615 609 673 [igit
626 616 760 657 anima
781 627 889 655 mea.-
920 608 1086 672 Qaefivi
1106 611 1223 655 illum,
1237 607 1285 653 (if
1303 625 1381 653 non
1399 611 1540 653 inveni.

644 677 754 736 Qis
776 676 965 738 ignorat,
999 691 1083 738 qua
1108 674 1236 718 animi
1252 690 1352 719 cum
1369 671 1646 719 sollicitudine
1660 672 1802 720 bonus
1818 674 1884 720 ille
1896 674 2047 720 Pastor
2059 669 2281 718 oviculam

515 740 633 789 suam
659 739 867 804 perditam
883 740 1085 803 quaesierit
1110 771 1120 786 ,
1168 756 1300 789 Quem
1314 737 1367 783 ab
1389 737 1687 799 investigando
1707 757 1786 786 nec
1800 737 2025 786 horridum
2046 735 2253 783 desertum
2269 770 2280 789 ,

516 824 598 853 nec
611 803 1020 868 viarumlongitudo
1035 840 1046 857 ‚
1079 820 1158 849 nec
1174 801 1385 866 spinarum
1412 805 1729 856 auste1·itas‚nec
1744 803 1876 851 fames
1900 816 1970 849 aut
1991 804 2087 854 fitis,
2100 817 2179 848 nec
2203 800 2280 847 alia

512 870 706 919 sexcenta
728 868 1014 917 incommoda
1036 882 1235 933 poterant
1254 867 1480 914 absterrere
1495 903 1504 921 ‚
1546 868 1671 915 Vadit
1692 868 1749 916 ad
1770 874 1902 918 illam,
1917 884 1997 930 qua
2013 872 2199 930 perierat,
2210 865 2281 913 do·

513 955 581 984 nec
600 949 775 983 invemat
793 952 890 980 eam.

639 1002 730 1047 Pari
746 1006 842 1046 cura
858 1005 908 1047 δέ
922 996 1064 1044 studio
1081 996 1258 1061 prorsits
1280 996 1486 1044 indefeffo
1500 996 1659 1044 Mulier
1672 997 1736 1044 illa
1752 997 2012 1061 Evangelica
2029 995 2278 1044 drachmam

511 1065 629 1112 suam
643 1068 830 1111 amissam
855 1064 1081 1129 inquisivit,
1096 1062 1199 1109 dum
1216 1061 1457 1109 Lucernam
1478 1062 1689 1112 accendit,
1714 1063 1900 1110 ωηᾶοε
1924 1063 2102 1109 lustrans
2117 1061 2278 1109 domus

515 1130 697 1195 angulos
712 1165 722 1179 ,
757 1130 828 1176 ubi
844 1128 935 1193 spes
960 1127 1206 1191 affulgebat,
1221 1127 1329 1174 hanc
1349 1127 1465 1174 suam
1486 1127 1715 1192 pretiosam
1739 1127 1977 1193 reperiundi
2001 1127 2278 1174 drachmam:

516 1201 669 1260 Qaerit
690 1195 916 1255 diligenter,
941 1192 1066 1239 donec
1081 1198 1266 1239 inveniat.

641 1261 714 1307 De
726 1260 880 1307 Ruben
894 1258 1014 1305 refert
1027 1259 1250 1321 Scriptura,
1266 1257 1400 1322 quod,
1414 1255 1518 1305 citrn
1533 1257 1582 1304 ad
1601 1260 1821 1304 cisternam
1836 1270 2035 1306 veterem,
2046 1259 2087 1303 in
2104 1273 2187 1321 qua
2200 1257 2279 1316 Jo-

516 1324 617 1389 seph
643 1325 914 1373 detinebatur,
929 1323 1071 1369 denuo
1090 1322 1274 1369 reversus
1289 1323 1446 1372 fuisset,
1471 1341 1549 1370 nec
1570 1323 1729 1369 ibidem
1754 1322 1870 1369 hunc
1891 1322 2060 1369 fratrem
2078 1321 2200 1368 suum
2216 1339 2278 1366 re-

516 1394 692 1455 perisset,
708 1408 794 1454 prae
818 1389 982 1436 doloris
997 1389 1265 1435 vehementia
1284 1387 1370 1453 ipse
1383 1389 1460 1435 fibi
1479 1391 1731 1438 vestimenta
1745 1387 1813 1435 sua
1836 1388 2084 1436 consciderit
2097 1421 2107 1439 ‚
2143 1387 2278 1450 lacry-

515 1455 635 1503 mosa
649 1473 762 1503 voce
786 1457 828 1502 in
846 1454 1001 1502 coelum
1020 1453 1277 1500 inclamans:
1312 1459 1420 1500 Puer
1443 1472 1521 1500 non
1541 1453 1893 1516 comparet‚&ego
1915 1453 1988 1517 qub
2002 1456 2093 1503 ibo?

648 1537 685 1583 5.
720 1521 853 1567 Nunc
877 1517 1094 1566 considera
1108 1552 1117 1566 ‚
1153 1520 1293 1565 anima
1310 1518 1567 1567 Christiana,
1581 1517 1762 1582 quantus
1779 1517 1923 1564 debuit
1946 1517 2064 1567 fuisse
2080 1515 2213 1564 dolor
2227 1521 2280 1568 δέ

516 1603 640 1634 amor
663 1584 932 1632 afflifflffimi
955 1583 1183 1632 CORDIS
1206 1582 1451 1633 MARIAE,
1488 1582 1592 1629 dum
1613 1585 1654 1629 in
1676 1584 2012 1646 peregrinatione
2025 1580 2279 1642 Hierosoly-

514 1653 788 1697 mitanainter
807 1663 872 1695 tot
897 1649 1129 1695 hominum
1152 1648 1322 1694 millena
1346 1647 1642 1695 suavissimum
1653 1647 1808 1694 Filium
1830 1645 1952 1693 suum
1969 1684 1978 1700 ‚
2011 1662 2207 1693 amorem
2229 1662 2278 1691 ac

511 1716 702 1764 solamen
720 1715 839 1762 suum
856 1717 1029 1760 unicum
1044 1712 1248 1776 perdidit!
1274 1714 1319 1759 O
1336 1715 1504 1777 quoties
1517 1715 1559 1758 in
1573 1712 1662 1759 hoc
1681 1711 1884 1759 luctuoso
1900 1711 2040 1758 triduo
2058 1728 2133 1774 per
2146 1726 2280 1755 mon-
2311 1760 2313 1762 ,

513 1796 570 1827 tes
586 1787 636 1828 δέ
652 1780 780 1827 valles
796 1814 805 1828 ,
842 1797 917 1842 per
930 1777 1069 1842 aspera
1095 1785 1143 1825 &
1158 1778 1302 1842 plana,
1338 1795 1414 1840 per
1433 1776 1570 1839 sylvas
1586 1784 1635 1824 δέ
1658 1794 1781 1840 agros
1807 1776 2029 1824 ambulans
2045 1776 2132 1822 hoc
2155 1774 2279 1837 lugu-

512 1847 583 1893 bre
608 1849 649 1892 in
674 1845 831 1892 coelum
849 1845 1148 1906 ingeminavit:
1184 1849 1290 1890 Puer
1303 1860 1381 1888 non
1402 1857 1621 1904 comparet,
1642 1842 1691 1889 (J
1706 1859 1777 1904 ego
1797 1841 1972 1903 qubibo?
2005 1842 2190 1888 Sciverat
2214 1841 2280 1886 ni·-

510 1914 668 1957 mirum
693 1908 1226 1972 beatiflimaVirgo,illum
1253 1911 1330 1954 esse
1343 1906 1776 1957 DEUM,thesaurus
1801 1909 1929 1954 totius
1945 1905 2279 1955 mundi,&Bo-

512 1995 618 2022 num
636 1975 854 2026 ineffabile,
866 1992 914 2023 ac
928 1976 1076 2021 omnia
1098 1971 1208 2020 ben'e
1227 1973 1422 2020 ordinare
1441 1975 1483 2018 in
1503 1972 1625 2019 suum
1637 1977 1780 2025 finem,
1793 1971 1977 2035 proinde
1990 1970 2278 2024 existimabat,

515 2041 554 2089 st·
578 2040 743 2087 fortasse
767 2043 807 2085 in
832 2039 977 2103 aliquo
993 2041 1180 2101 peccaffe
1194 2074 1204 2092 ,
1219 2037 1339 2103 quod
1356 2052 1473 2085 tanto
1488 2037 1596 2085 Filio
1621 2037 1862 2101 displiceret,
1876 2036 2000 2083 &ob
2025 2054 2156 2101 quam
2176 2053 2276 2082 cau-

508 2112 594 2152 lam
622 2105 672 2151 ad
696 2106 860 2152 Patrem
885 2104 1101 2151 coelestem
1133 2101 1262 2167 usque
1288 2102 1339 2149 ad
1365 2102 1475 2149 aliud
1500 2102 1806 2166 redemptionis
1830 2117 1998 2165 tempus
2024 2100 2274 2147 ascendisset.

512 2172 557 2217 O
575 2188 735 2216 moeror
758 2169 807 2214 ἔό
827 2168 968 2216 tuctus
984 2170 1320 2216 innocentiffimi
1335 2168 1565 2215 CORDIS
1587 2167 1809 2215 MARIAE
1825 2167 1834 2212 .'
1851 2169 1944 2231 quis
1961 2166 2139 2230 explicet
2153 2182 2276 2212 mor-

510 2236 668 2284 talium,
685 2253 774 2300 quo
803 2252 902 2280 cum
926 2233 1088 2280 doloris
1116 2232 1229 2279 sensu
1252 2233 1345 2281 haec
1361 2231 1651 2280 dolentissima
1664 2231 1807 2279 Mater
1826 2231 2115 2281 hoctriduum
2134 2229 2276 2277 tradu-

511 2304 625 2353 xerit,
642 2307 692 2347 ὅ(
706 2317 836 2364 quam
853 2301 1066 2362 ingentem
1087 2298 1370 2360 lacrymarum
1386 2300 1475 2346 vim
1502 2297 1562 2344 ob
1578 2312 1663 2344 tam
1682 2295 1931 2346 immensam
1940 2297 2154 2359 jadiuram
2169 2312 2276 2359 pro-

511 2366 693 2412 fuderit?
732 2366 775 2410 O
793 2365 909 2411 bone
931 2364 1098 2410 DEUS
1115 2364 1124 2409 .¹
1142 2364 1212 2409 ubi
1236 2362 1328 2411 sunt
1353 2366 1508 2410 nostrae
1530 2362 1742 2425 lacrymae,
1756 2361 1833 2409 ubi
1859 2360 1998 2408 cordis
2013 2378 2187 2409 moeror,
2201 2359 2274 2406 ubi
2314 2420 2315 2426 1

510 2450 608 2477 veia
633 2431 848 2476 aciincera
866 2431 1098 2475 contritio?
1135 2428 1204 2474 Ah
1231 2431 1398 2493 quoties
1422 2428 1519 2481 te,‹.⁶›
1540 2428 1755 2474 summum
1768 2427 1973 2475 Bonum!
2011 2426 2041 2472 ὀ
2060 2427 2273 2472 infinitum
2314 2443 2315 2486 J

511 2496 712 2543 Bonum!
751 2495 780 2540 ὀ
804 2492 1059 2540 immensum
1084 2493 1284 2540 Bonum!
1322 2511 1397 2557 per
1418 2507 1589 2556 peccata
1611 2495 1755 2539 nostra
1778 2490 2039 2555 perdidimus
2055 2525 2065 2540 ‚
2099 2497 2150 2538 &
2165 2489 2273 2536 ride-
2312 2499 2315 2519 *

505 2578 601 2607 mus
618 2562 764 2613 miseri,
777 2566 825 2606 &3
841 2557 1097 2623 plaudimus,
1111 2576 1250 2621 neque
1272 2557 1550 2606 emendamus
1562 2568 1580 2604 ?
2311 2550 2315 2576 ²

617 2636 657 2675 6.
693 2624 773 2671 Sed
790 2625 870 2676 dic,
884 2623 1078 2672 obsecro,
1092 2624 1377 2670 amantissime
1387 2622 1557 2683 JESU!
1605 2620 1674 2668 uid
1695 2623 1890 2685 peccavit
1904 2623 1944 2667 in
1961 2634 2001 2666 te
2016 2617 2271 2673 innocentis·

507 2688 610 2734 firna
624 2689 764 2736 Mater
787 2704 875 2741 tua,
913 2687 1032 2754 quod
1054 2701 1141 2734 tot-a
1155 2689 1240 2733 vita
1261 2688 1367 2735 illius
1391 2688 1478 2734 fer'e
1491 2640 1678 2734 assiduus
1699 2704 1861 2734 moeror
1885 2685 2290 2739 &doloncruxdce
2311 2702 2314 2706 ¹

503 2756 755 2815 martyrium
782 2755 901 2803 fuerit
924 2765 944 2800 Ρ
985 2752 1123 2802 Unde
1145 2754 1298 2801 merito
1326 2770 1426 2800 cum
1445 2752 1533 2813 Job
1558 2751 1693 2802 dicere
1713 2765 1905 2816 poterat:
1938 2757 1992 2799 Et
2012 2754 2090 2800 hac
2110 2747 2269 2808 mihifit'

2176 2830 2266 2863 cone
2310 2847 2314 2850 >
