2315 3068
406 87 445 135 ς
909 63 1185 145 Paraemfis
1198 67 1274 127 ad
1283 66 1477 128 Sodales
1493 67 1550 130 B.
1578 71 1640 130 V.

414 169 480 217 nis
493 183 542 214 ac
560 163 712 214 Matris
723 161 961 212 Dolorosae
974 199 985 218 ,
1006 176 1144 211 totam
1164 165 1207 211 in
1224 165 1504 229 eopaffionis
1517 164 1745 229 Unigeniti
1758 168 1811 213 Sc
1834 162 2097 215 dileffiffimi
2109 165 2183 215 Fi-‘

414 234 456 290 lii
470 232 528 280 sui
548 228 879 296 supelleetilem,
894 228 1011 276 velut
1033 231 1076 276 in
1099 229 1363 278 lucidiffimo
1377 227 1554 294 speculo
1578 229 1868 278 observaffetis
1887 231 2062 280 velutIn
2080 251 2182 280 cen-

417 312 486 347 tro
500 297 577 346 suo
595 294 873 343 1·ecolle&am
886 305 905 341 ?
939 294 1124 359 proinde
1136 293 1251 341 haud
1265 297 1480 342 immerit'o
1493 295 1724 358 praeta&us
1734 296 1776 343 S.
1790 294 2042 345 Laurentius
2052 299 2182 358 Justi-

419 366 570 413 nianus
587 360 689 409 illud
711 358 1199 425 ipsumSacratiffimum
1217 360 1349 408 COR
1373 358 1601 408 MARIAE
1624 360 2074 410 cuidamlucidiffimo
2089 361 2185 426 spe-

117 430 339 490 S·¹-³²?10⁰t·
419 429 520 478 culo
545 428 838 491 comparavit:
877 432 952 473 Cor
978 431 1174 487 Vzrgini5‚
1202 427 1365 491 inquit,
1381 422 1633 483 clariffimum
1644 426 1843 488 speculum
1865 423 2051 487 palfionis
2079 431 2187 474 Chri-

116 485 206 534 l¹¹st²
223 483 291 530 ¹¹¹²·
311 484 355 524 ἃς
407 495 464 560 sti
479 496 586 557 fuit,
605 492 654 540 (θ’
670 493 845 554 perfebla
870 496 1008 538 mortis
1027 497 1108 552 ejus
1129 496 1276 553 imago,
1291 497 1381 538 δίε.
1456 490 1572 538 Sicut
1593 492 1708 538 enim
1730 489 1955 556 speculum
1969 528 1979 546 ,
2005 509 2054 539 ac
2075 510 2187 556 prae-

116 542 207 598 ebt-⁹
228 555 292 597 'g‘
416 559 555 608 sertim
577 574 827 605 concavum
850 573 1006 604 omnes
1018 554 1172 604 solares
1194 555 1336 604 radios
1352 557 1458 603 intra
1478 557 1620 604 finum
1640 554 1766 604 suum
1783 555 1964 621 colligit,
1988 563 2041 604 δε
2064 560 2186 604 exin-

418 624 472 672 de
486 626 591 671 mira
608 621 947 669 reverberatione
960 624 1003 668 in
1015 639 1153 670 unum
1169 625 1305 685 cogit,
1326 639 1375 669 ac
1391 620 1569 669 refleffit
1589 621 1838 686 pun&um;
1864 624 1918 669 ita
1933 624 1975 668 in
1992 620 2185 670 afflietis-

416 694 529 740 fimo
549 686 697 736 Corde
719 685 958 734 Dolorosae
982 689 1168 751 Virginis
1197 686 1254 733 M
1268 688 1308 733 A
1322 687 1466 734 RIAE
1485 690 1637 733 omnia
1660 699 1873 734 tormenta
1895 694 1944 734 <36
1968 686 2188 737 Dolores·

417 772 532 823 quos
557 754 843 819 pientiffimus
866 751 994 800 Filius
1011 755 1054 800 in
1076 756 1276 817 paffione
1290 770 1339 800 ac
1359 751 1583 816 praesertim
1606 754 1649 798 in
1664 768 1787 798 cruce
1813 750 2003 800 sustinuit
2029 787 2039 806 ,
2072 764 2189 798 erant

420 818 763 886 quodammodo
785 820 829 865 in
850 836 987 865 unum
1007 818 1227 866 recolleiti
1242 854 1251 871 ‚
1288 820 1361 883 qui
1382 816 1481 864 dein
1505 814 1640 864 rursus
1664 815 1715 863 ad
1729 819 2040 863 amarissimum
2055 816 2188 864 COR

423 883 570 949 JESU
587 881 780 950 patientis
804 920 814 939 ,
849 896 1056 949 tanquam
1074 883 1126 930 ad
1152 883 1373 948 punitum
1397 888 1655 930 &centrum
1676 883 1836 929 amoris
1860 880 1919 929 sui
1946 881 2189 930 reverbera-

120 941 179 992 ,θ’
199 948 262 982 19,
281 946 346 1013 ²5?
423 954 602 1007 bantur3
638 948 821 1015 proinde
832 967 927 997 non
942 949 1015 996 abs
1033 966 1074 996 re
1086 949 1270 998 Sanctus
1291 950 1598 996 Bonaventura
1611 946 1733 1012 supra
1754 946 1822 994 illa
1841 945 1998 995 verba:
2041 948 2191 993 Stabat

119 1018 154 1052 ⁵·
175 1016 318 1071 Bqnav.
332 1020 371 1045 ¹⁰
424 1033 557 1067 autem
571 1022 692 1076 juxta
707 1032 858 1063 crucem
886 1017 1035 1080 ‘J'Escl
1054 1022 1204 1062 Mater
1224 1020 1305 1076 ejus
1319 1049 1329 1064 ,
1366 1016 1421 1061 ita
1442 1012 1553 1060 hanc
1575 1011 1925 1061 desolatiffimam
1948 1011 2192 1076 Deiparen-

125 1068 264 1161 Opsulc.
282 1063 326 1101 de
423 1097 509 1132 tem
536 1082 767 1146 alloquitur
799 1100 811 1127 ε
874 1089 914 1127 O
938 1086 1123 1127 Domina
1145 1083 1211 1126 ubi
1231 1079 1341 1140 stas?
1365 1077 1549 1139 nunquid
1564 1083 1683 1139 juxta
1707 1085 1886 1125 crucem?
1916 1077 1993 1124 imb
2015 1082 2057 1124 in
2079 1093 2190 1123 cruce

122 1137 168 1177 1²²
198 1124 347 1178 ’ὑπ”
423 1165 510 1197 cum
531 1152 630 1195 Filio
653 1150 858 1194 cruciaris.
882 1147 934 1191 ibi
954 1151 1057 1191 enim
1080 1146 1266 1205 crucifixa
1293 1162 1329 1190 es
1341 1145 1483 1204 secum.
1559 1148 1652 1191 Hoc
1669 1143 1798 1204 solum
1820 1142 1962 1204 restat.
1990 1140 2097 1204 qubd
2118 1140 2194 1203 ipse

424 1219 467 1262 in
489 1218 532 1259 in
549 1226 725 1273 corpore,
748 1224 793 1256 tu
814 1208 902 1257 verb
925 1215 966 1256 in
985 1208 1104 1256 corde
1130 1228 1167 1256 es
1187 1211 1294 1272 paffa
1315 1242 1326 1258 .
1358 1226 1427 1255 nec
1447 1226 1527 1255 non
1548 1209 1708 1269 singula
1729 1211 1892 1255 vulnera
1916 1222 1985 1269 per
2009 1211 2090 1268 ejus
2110 1221 2195 1252 cor-

421 1295 494 1343 pus
515 1275 703 1339 dispersa,
720 1278 760 1321 in
781 1288 851 1321 tuo
875 1273 992 1321 corde
1008 1279 1249 1336 generaliter
1263 1275 1360 1336 sunt
1383 1279 1497 1322 unita
1512 1307 1523 1324 ,
1555 1277 1650 1336 quia
1671 1287 1804 1336 nempe
1825 1286 1936 1320 tuam
1967 1272 2080 1335 ipsius
2110 1273 2196 1318 am'·

425 1359 533 1391 mam
548 1340 709 1403 gladius
722 1341 993 1402 pertranfivit‚
1016 1346 1107 1386 Sec.

559 1416 600 1457 6.
636 1406 683 1452 O
702 1405 887 1452 Clientes
912 1403 1121 1451 Mariani!
1158 1406 1252 1470 quis
1276 1403 1345 1451 tali
1364 1421 1413 1452 ac
1430 1414 1553 1450 tantae
1581 1401 1713 1449 Matri
1727 1419 1820 1450 non
1842 1419 1894 1450 ex
1917 1401 2075 1449 intimis
2096 1402 2196 1447 cor}

430 1473 493 1521 dis
509 1471 703 1520 medulliS
721 1472 1006 1533 compatiatur
1031 1505 1040 1524 ,
1083 1488 1180 1535 quae
1201 1467 1543 1534 quodammodo
1568 1466 1711 1528 (sanis
1733 1467 1935 1532 loquor)
1963 1464 2061 1530 plus
2083 1467 2199 1528 passa

433 1542 516 1587 est,
536 1539 668 1601 quam
691 1535 777 1599 ipse
791 1534 985 1582 Christus
1000 1570 1010 1588 ,
1045 1533 1258 1600 siquidem
1284 1533 1440 1581 Christi
1461 1535 1603 1598 passio
1630 1535 1673 1579 in
1691 1545 1834 1580 morte
1857 1535 1945 1596 ejus
1969 1532 2086 1578 finita
2110 1532 2199 1583 est.

433 1602 586 1650 Matris
606 1613 747 1646 autem
762 1601 904 1662 passlo
919 1606 970 1646 δέ
984 1601 1233 1663 compasfio
1252 1617 1347 1647 non
1365 1598 1506 1652 desiit,
1525 1596 1593 1644 sed
1620 1600 1777 1651 crevit,
1810 1614 1860 1643 ac
1883 1610 1985 1643 tunc
2006 1593 2197 1659 peculia-

132 1675 168 1717 s.
186 1666 320 1713 Bernh.
434 1670 552 1721 riter.
577 1663 755 1731 quando
775 1662 1000 1727 Longinus
1024 1666 1194 1712 immitti
1221 1664 1366 1712 lancea
1387 1663 1493 1710 latus
1518 1669 1568 1710 δι’
1592 1663 1723 1710 COR
1738 1661 1887 1723 JESU
1912 1662 2107 1724 aperuit:
2145 1663 2201 1705 Β

133 1730 237 1769 setm.
260 1739 322 1787 ¹5·
436 1732 615 1796 quidem,
638 1732 693 1776 ait
716 1728 952 1776 Mellifluus
987 1765 998 1784 ,
1057 1730 1312 1792 posteaquam
1335 1730 1458 1788 emifit
1468 1729 1648 1791 spiritum
1667 1743 1755 1775 tuus
1777 1730 1837 1774 ille
1867 1727 2047 1792 ‘JESLIS
2062 1758 2073 1774 .
2089 1724 2201 1787 ipfius

141 1784 187 1823 αθ
204 1781 329 1826 stem*
437 1796 555 1863 plane
578 1813 655 1842 non
678 1801 817 1856 attigit
845 1800 1021 1841 animam
1046 1795 1215 1841 crudelis
1245 1800 1381 1842 lancea
1396 1829 1407 1849 ,
1438 1811 1523 1854 qua
1543 1794 1654 1855 tpfius
1678 1797 1832 1856 aperuit
1850 1797 1977 1841 latus.
1987 1788 2064 1852 sed
2088 1804 2203 1836 tuam

444 1869 577 1924 utique
604 1866 776 1907 animam
796 1861 1067 1921 pertranfivit,
1089 1861 1198 1922 ipfius
1216 1865 1400 1906 nimirum
1422 1863 1556 1906 anima
1569 1863 1658 1919 jam
1676 1861 1728 1905 ibi
1748 1875 1827 1904 non
1849 1870 1937 1903 erat
1974 1890 1985 1906 .
2035 1854 2110 1916 sed
2130 1869 2203 1900 tua

443 1925 558 1993 plane
581 1925 674 1972 inde
690 1928 873 1984 nequibat
891 1930 1032 1978 avelli,
1058 1931 1149 1973 ἃς.
1248 1925 1304 1971 Et
1327 1926 1420 1987 quis
1449 1922 1582 1977 dicet,
1635 1940 1708 1969 uas
1733 1921 1874 1969 cordis
1895 1922 2105 1984 angustias
2128 1935 2203 1964 ex-

447 1991 609 2040 antlarit
623 2024 633 2039 .
677 1989 749 2036 ubi
772 1991 965 2035 examine
986 1990 1163 2054 Corpus
1182 1990 1289 2049 JES
1304 1989 1356 2036 U
1383 1987 1434 2035 de
1447 1940 1738 2051 infamiiigno
1762 1986 2009 2050 depositum
2025 1982 2199 2030 summo

446 2057 610 2105 doloris
624 2052 738 2102 sensu
763 2056 927 2117 excepit
961 2064 979 2100 ?
1047 2057 1154 2108 imo,
1169 2053 1293 2119 quod
1313 2053 1410 2117 plus
1424 2056 1485 2099 est
1500 2089 1509 2106 ,
1531 2070 1607 2117 per
1629 2069 1812 2099 omnem
1833 2053 1968 2098 vitam
1987 2066 2124 2114 usque
2148 2045 2204 2094 ad

445 2122 781 2185 assumptionem
801 2121 844 2164 in
864 2118 1023 2166 coelum
1041 2117 1204 2168 doloris
1218 2118 1380 2183 gladius
1393 2121 1448 2164 ita
1462 2117 1542 2164 alt'e
1566 2121 1652 2180 ejus
1674 2116 1962 2163 Sacratiffimo
1976 2112 2113 2162 Cordi
2139 2116 2205 2161 in-

448 2189 564 2236 haefit
590 2222 600 2240 ,
640 2198 684 2232 ut
708 2186 955 2249 paffionem
972 2191 1027 2232 <56
1046 2197 1235 2232 mortem
1264 2183 1493 2231 dulcissimi
1517 2183 1619 2228 Nati
1636 2180 1696 2229 sui
1721 2198 1813 2228 non
1841 2194 1929 2226 tam
1949 2180 2206 2243 praeteritam

446 2253 680 2301 meminisse
695 2286 705 2303 ,
726 2250 858 2315 quam
883 2248 1129 2311 praesentem
1147 2247 1359 2296 videretur
1376 2249 1525 2294 intueri
1537 2265 1551 2302 ς
1599 2245 1700 2293 hinc
1714 2245 1801 2309 ipsa
1822 2245 1875 2291 ad
1889 2244 2096 2292 Sandhm
2109 2244 2205 2290 Bir-

145 2322 272 2365 Revel.
301 2324 334 2363 S.
444 2322 592 2383 gittam
615 2315 716 2361 dixit
739 2335 750 2360 :
795 2311 931 2372 Paffio
956 2320 1044 2361 Filii
1070 2320 1168 2369 mei,
1178 2315 1261 2376 five
1282 2311 1554 2362 comedebam,
1570 2312 1652 2373 five
1675 2313 1926 2359 laborabam,
1946 2310 2055 2371 quast
2077 2323 2206 2355 recens

145 2386 243 2433 ⁸¹¹3·
270 2377 335 2416 Ιώ·
361 2385 393 2411 ¹‘
445 2397 533 2432 erat
552 2386 592 2427 in
610 2384 797 2426 memoria
818 2396 917 2424 mea.

146 2448 225 2487 αἱΡ·
247 2446 313 2480 77·
575 2446 796 2512 Convgnit
818 2445 940 2507 igitur
965 2477 977 2496 ‚
1036 2456 1082 2492 ut
1105 2444 1229 2509 hujus
1253 2443 1549 2491 amantissimae
1573 2440 1724 2487 Matris
1753 2442 1911 2486 nostrae
1936 2436 2209 2486 affli&iffuni

449 2507 608 2558 Cordis
632 2508 807 2556 dolores
823 2544 832 2561 ,
861 2510 959 2571 pios
983 2512 1164 2571 gemitus
1187 2516 1238 2557 δέ
1258 2509 1490 2571 lacrymas,
1516 2509 1621 2553 inter
1642 2522 1746 2571 quas
1762 2540 1773 2559 ,
1797 2508 1899 2551 teste
1917 2502 2083 2550 Sansto
2099 2502 2211 2549 Ger-

150 2600 232 2641 nati
258 2596 297 2634 in
449 2592 583 2622 mano
600 2571 953 2636 (proutinferiiis
978 2573 1213 2636 dabimus)
1238 2573 1382 2621 multa:
1408 2573 1576 2619 fuerunt
1601 2570 1834 2634 sanguineae
1851 2605 1861 2623 ,
1885 2569 2095 2633 frequenti
2117 2584 2211 2612 me-

147 2654 278 2696 Bland.
303 2653 385 2695 αι.
452 2641 590 2686 moria
611 2645 661 2684 δέ
683 2637 878 2701 singulari
909 2638 1146 2687 devotione
1169 2639 1423 2687 recolamus.
1492 2637 1538 2686 O
1555 2635 1646 2683 Filii
1669 2635 1880 2681 Mariani!
1914 2634 1961 2680 O
1980 2630 2208 2679 Bennoni!

148 2722 267 2756 exerc.
287 2715 353 2750 462
452 2720 566 2771 quos
587 2714 708 2768 tanto
729 2719 832 2766 cum
852 2702 1006 2753 dolore
1030 2707 1220 2772 peperit,
1259 2704 1509 2757 intueamini
1524 2702 1635 2752 hanc
1658 2699 1998 2753 dolentiffimam
2019 2695 2212 2810 lvfftrem

2000 2779 2054 2810 ve
2096 2776 2213 2811 ram.
