<?xml version="1.0" encoding="UTF-8"?>
<!DOCTYPE html PUBLIC "-//W3C//DTD XHTML 1.0 Transitional//EN"
    "http://www.w3.org/TR/xhtml1/DTD/xhtml1-transitional.dtd">
<html xmlns="http://www.w3.org/1999/xhtml" xml:lang="en" lang="en">
 <head>
  <title>
</title>
<meta http-equiv="Content-Type" content="text/html;charset=utf-8" />
  <meta name='ocr-system' content='tesseract 3.04.00' />
  <meta name='ocr-capabilities' content='ocr_page ocr_carea ocr_par ocr_line ocrx_word'/>
</head>
<body>
  <div class='ocr_page' id='page_1' title='image "./amorisetdolorisq00gint_0074.png"; bbox 0 0 2315 3068; ppageno 0'>
   <div class='ocr_carea' id='block_1_1' title="bbox 110 430 340 522">
    <p class='ocr_par' dir='ltr' id='par_1_1' title="bbox 110 430 340 522">
     <span class='ocr_line' id='line_1_1' title="bbox 110 430 340 479; baseline -0.017 -11"><span class='ocrx_word' id='word_1_1' title='bbox 110 430 256 479; x_wconf 77' lang='lat' dir='ltr'>3.Reg.</span> <span class='ocrx_word' id='word_1_2' title='bbox 280 436 340 464; x_wconf 66' lang='grc' dir='ltr'>ιο,</span> 
     </span>
     <span class='ocr_line' id='line_1_2' title="bbox 169 496 215 522; baseline -0.022 0"><span class='ocrx_word' id='word_1_3' title='bbox 169 496 215 522; x_wconf 85' lang='grc' dir='ltr'>ιο</span> 
     </span>
    </p>
   </div>
   <div class='ocr_carea' id='block_1_2' title="bbox 104 615 309 656">
    <p class='ocr_par' dir='ltr' id='par_1_2' title="bbox 104 615 309 656">
     <span class='ocr_line' id='line_1_3' title="bbox 104 615 309 656; baseline 0.01 -2"><span class='ocrx_word' id='word_1_4' title='bbox 104 615 239 655; x_wconf 59' lang='lat' dir='ltr'>tues,</span> <span class='ocrx_word' id='word_1_5' title='bbox 259 619 309 656; x_wconf 87' lang='lat'>45</span> 
     </span>
    </p>
   </div>
   <div class='ocr_carea' id='block_1_3' title="bbox 401 110 1528 203">
    <p class='ocr_par' dir='ltr' id='par_1_3' title="bbox 401 110 1528 203">
     <span class='ocr_line' id='line_1_4' title="bbox 401 110 1528 203; baseline -0.004 -18"><span class='ocrx_word' id='word_1_6' title='bbox 401 137 480 203; x_wconf 76' lang='lat'>46</span> <span class='ocrx_word' id='word_1_7' title='bbox 971 127 974 129; x_wconf 77' lang='grc'><strong>’</strong></span> <span class='ocrx_word' id='word_1_8' title='bbox 1032 110 1361 200; x_wconf 77' lang='lat' dir='ltr'>Confideratio</span> <span class='ocrx_word' id='word_1_9' title='bbox 1441 121 1528 181; x_wconf 80' lang='lat' dir='ltr'>Vl.</span> 
     </span>
    </p>
   </div>
   <div class='ocr_carea' id='block_1_4' title="bbox 388 211 2175 1126">
    <p class='ocr_par' dir='ltr' id='par_1_4' title="bbox 388 211 2175 1126">
     <span class='ocr_line' id='line_1_5' title="bbox 526 211 2168 280; baseline 0.002 -18"><span class='ocrx_word' id='word_1_10' title='bbox 526 212 634 262; x_wconf 85' lang='lat' dir='ltr'>Saba</span> <span class='ocrx_word' id='word_1_11' title='bbox 647 213 809 277; x_wconf 83' lang='lat' dir='ltr'>Regina</span> <span class='ocrx_word' id='word_1_12' title='bbox 830 211 996 267; x_wconf 85' lang='lat' dir='ltr'>Austri,</span> <span class='ocrx_word' id='word_1_13' title='bbox 1032 232 1129 279; x_wconf 87' lang='lat' dir='ltr'>quae</span> <span class='ocrx_word' id='word_1_14' title='bbox 1153 214 1205 262; x_wconf 90' lang='lat' dir='ltr'>de</span> <span class='ocrx_word' id='word_1_15' title='bbox 1220 215 1374 262; x_wconf 84' lang='lat' dir='ltr'>finibus</span> <span class='ocrx_word' id='word_1_16' title='bbox 1400 228 1516 263; x_wconf 86' lang='lat' dir='ltr'>terrae</span> <span class='ocrx_word' id='word_1_17' title='bbox 1539 213 1590 263; x_wconf 88' lang='lat' dir='ltr'>ad</span> <span class='ocrx_word' id='word_1_18' title='bbox 1604 214 1892 264; x_wconf 81' lang='lat' dir='ltr'>Salomonem</span> <span class='ocrx_word' id='word_1_19' title='bbox 1913 213 2168 280; x_wconf 70' lang='lat' dir='ltr'>Hierosoly‹</span> 
     </span>
     <span class='ocr_line' id='line_1_6' title="bbox 396 277 2168 346; baseline 0.002 -19"><span class='ocrx_word' id='word_1_20' title='bbox 396 299 515 327; x_wconf 86' lang='lat' dir='ltr'>mam</span> <span class='ocrx_word' id='word_1_21' title='bbox 540 293 732 328; x_wconf 78' lang='lat' dir='ltr'>venerat,</span> <span class='ocrx_word' id='word_1_22' title='bbox 770 292 815 325; x_wconf 92' lang='lat' dir='ltr'>ut</span> <span class='ocrx_word' id='word_1_23' title='bbox 840 284 926 342; x_wconf 80' lang='lat' dir='ltr'>ejus</span> <span class='ocrx_word' id='word_1_24' title='bbox 941 277 1185 343; x_wconf 71' lang='lat' dir='ltr'>sapientiam</span> <span class='ocrx_word' id='word_1_25' title='bbox 1199 280 1376 334; x_wconf 87' lang='lat' dir='ltr'>audiret,</span> <span class='ocrx_word' id='word_1_26' title='bbox 1396 282 1502 328; x_wconf 86' lang='lat' dir='ltr'>inter</span> <span class='ocrx_word' id='word_1_27' title='bbox 1515 282 1592 328; x_wconf 88' lang='lat' dir='ltr'>alia</span> <span class='ocrx_word' id='word_1_28' title='bbox 1607 280 1723 329; x_wconf 86' lang='lat' dir='ltr'>dona</span> <span class='ocrx_word' id='word_1_29' title='bbox 1745 281 1845 328; x_wconf 89' lang='lat' dir='ltr'>huic</span> <span class='ocrx_word' id='word_1_30' title='bbox 1859 280 2168 346; x_wconf 76' lang='lat' dir='ltr'>sapientissimo</span> 
     </span>
     <span class='ocr_line' id='line_1_7' title="bbox 398 343 2169 409; baseline 0 -16"><span class='ocrx_word' id='word_1_31' title='bbox 398 345 656 394; x_wconf 80' lang='lat' dir='ltr'>Monarcbae</span> <span class='ocrx_word' id='word_1_32' title='bbox 682 343 946 408; x_wconf 71' lang='lat' dir='ltr'>praesentavit</span> <span class='ocrx_word' id='word_1_33' title='bbox 968 360 1141 392; x_wconf 90' lang='lat' dir='ltr'>centum</span> <span class='ocrx_word' id='word_1_34' title='bbox 1155 348 1302 409; x_wconf 73' lang='lat' dir='ltr'>viginti</span> <span class='ocrx_word' id='word_1_35' title='bbox 1316 346 1468 393; x_wconf 85' lang='lat' dir='ltr'>talenta</span> <span class='ocrx_word' id='word_1_36' title='bbox 1482 349 1582 401; x_wconf 76' lang='lat' dir='ltr'>auti,</span> <span class='ocrx_word' id='word_1_37' title='bbox 1597 353 1647 394; x_wconf 63' lang='grc' dir='ltr'>δέ</span> <span class='ocrx_word' id='word_1_38' title='bbox 1659 360 1851 394; x_wconf 81' lang='lat' dir='ltr'>aromata</span> <span class='ocrx_word' id='word_1_39' title='bbox 1873 347 2006 394; x_wconf 82' lang='lat' dir='ltr'>multa</span> <span class='ocrx_word' id='word_1_40' title='bbox 2019 350 2143 394; x_wconf 82' lang='lat' dir='ltr'>nimis</span> <span class='ocrx_word' id='word_1_41' title='bbox 2158 384 2169 401; x_wconf 92' lang='lat'>,</span> 
     </span>
     <span class='ocr_line' id='line_1_8' title="bbox 396 408 2169 476; baseline 0.001 -18"><span class='ocrx_word' id='word_1_42' title='bbox 396 428 586 476; x_wconf 83' lang='lat' dir='ltr'>gemmas</span> <span class='ocrx_word' id='word_1_43' title='bbox 625 428 676 456; x_wconf 89' lang='lat' dir='ltr'>ue</span> <span class='ocrx_word' id='word_1_44' title='bbox 689 408 911 473; x_wconf 85' lang='lat' dir='ltr'>pretiosas,</span> <span class='ocrx_word' id='word_1_45' title='bbox 934 417 1023 457; x_wconf 63' lang='grc' dir='ltr'>δίε.</span> <span class='ocrx_word' id='word_1_46' title='bbox 1093 417 1194 457; x_wconf 89' lang='lat' dir='ltr'>Non</span> <span class='ocrx_word' id='word_1_47' title='bbox 1201 412 1297 471; x_wconf 80' lang='lat' dir='ltr'>sunt</span> <span class='ocrx_word' id='word_1_48' title='bbox 1309 416 1429 458; x_wconf 75' lang='lat' dir='ltr'>allata</span> <span class='ocrx_word' id='word_1_49' title='bbox 1452 417 1558 458; x_wconf 83' lang='lat' dir='ltr'>ultra</span> <span class='ocrx_word' id='word_1_50' title='bbox 1573 427 1758 459; x_wconf 84' lang='lat' dir='ltr'><em>aromata</em></span> <span class='ocrx_word' id='word_1_51' title='bbox 1779 426 1863 459; x_wconf 83' lang='lat' dir='ltr'>tam</span> <span class='ocrx_word' id='word_1_52' title='bbox 1888 417 2034 467; x_wconf 80' lang='lat' dir='ltr'>multa,</span> <span class='ocrx_word' id='word_1_53' title='bbox 2049 412 2169 474; x_wconf 65' lang='lat' dir='ltr'>quiam</span> 
     </span>
     <span class='ocr_line' id='line_1_9' title="bbox 395 429 2167 541; baseline 0 -17"><span class='ocrx_word' id='word_1_54' title='bbox 395 496 463 528; x_wconf 84' lang='lat' dir='ltr'>ea,</span> <span class='ocrx_word' id='word_1_55' title='bbox 485 493 562 537; x_wconf 78' lang='lat' dir='ltr'>quae</span> <span class='ocrx_word' id='word_1_56' title='bbox 584 429 698 521; x_wconf 54' lang='lat' dir='ltr'>:sedit</span> <span class='ocrx_word' id='word_1_57' title='bbox 711 481 865 536; x_wconf 69' lang='lat' dir='ltr'>Regina</span> <span class='ocrx_word' id='word_1_58' title='bbox 886 478 992 522; x_wconf 77' lang='lat' dir='ltr'>Saba</span> <span class='ocrx_word' id='word_1_59' title='bbox 1006 481 1107 535; x_wconf 75' lang='lat' dir='ltr'>Regi</span> <span class='ocrx_word' id='word_1_60' title='bbox 1129 481 1347 523; x_wconf 72' lang='lat' dir='ltr'>Salomoni.</span> <span class='ocrx_word' id='word_1_61' title='bbox 1418 476 1518 524; x_wconf 86' lang='lat' dir='ltr'>Plus</span> <span class='ocrx_word' id='word_1_62' title='bbox 1542 475 1654 523; x_wconf 85' lang='lat' dir='ltr'><strong>dedit</strong></span> <span class='ocrx_word' id='word_1_63' title='bbox 1678 477 1844 524; x_wconf 86' lang='lat' dir='ltr'>trimula</span> <span class='ocrx_word' id='word_1_64' title='bbox 1870 477 1962 524; x_wconf 80' lang='lat' dir='ltr'>haec</span> <span class='ocrx_word' id='word_1_65' title='bbox 1977 479 2167 541; x_wconf 85' lang='lat' dir='ltr'>Virgun-</span> 
     </span>
     <span class='ocr_line' id='line_1_10' title="bbox 393 539 2175 601; baseline -0.001 -11"><span class='ocrx_word' id='word_1_66' title='bbox 393 542 486 590; x_wconf 89' lang='lat' dir='ltr'>cula</span> <span class='ocrx_word' id='word_1_67' title='bbox 507 540 709 587; x_wconf 81' lang='lat' dir='ltr'><strong>MARIA</strong></span> <span class='ocrx_word' id='word_1_68' title='bbox 723 540 827 601; x_wconf 65' lang='lat' dir='ltr'>Regi</span> <span class='ocrx_word' id='word_1_69' title='bbox 851 539 1079 587; x_wconf 80' lang='lat' dir='ltr'>immortali</span> <span class='ocrx_word' id='word_1_70' title='bbox 1107 541 1379 594; x_wconf 53' lang='lat' dir='ltr'>&amp;invisibils</span> <span class='ocrx_word' id='word_1_71' title='bbox 1393 541 1499 588; x_wconf 88' lang='lat' dir='ltr'>dum</span> <span class='ocrx_word' id='word_1_72' title='bbox 1513 543 1551 588; x_wconf 90' lang='lat' dir='ltr'>ei</span> <span class='ocrx_word' id='word_1_73' title='bbox 1564 554 1706 589; x_wconf 89' lang='lat' dir='ltr'>totum</span> <span class='ocrx_word' id='word_1_74' title='bbox 1733 560 1811 589; x_wconf 89' lang='lat' dir='ltr'>cor</span> <span class='ocrx_word' id='word_1_75' title='bbox 1831 541 1954 589; x_wconf 86' lang='lat' dir='ltr'>suum</span> <span class='ocrx_word' id='word_1_76' title='bbox 1975 545 2018 588; x_wconf 91' lang='lat' dir='ltr'>in</span> <span class='ocrx_word' id='word_1_77' title='bbox 2040 561 2175 590; x_wconf 89' lang='lat' dir='ltr'>amo-</span> 
     </span>
     <span class='ocr_line' id='line_1_11' title="bbox 392 604 2164 664; baseline 0 -10"><span class='ocrx_word' id='word_1_78' title='bbox 392 610 444 654; x_wconf 79' lang='lat' dir='ltr'>ris</span> <span class='ocrx_word' id='word_1_79' title='bbox 466 609 718 653; x_wconf 75' lang='lat' dir='ltr'>tesseram&amp;</span> <span class='ocrx_word' id='word_1_80' title='bbox 735 604 898 652; x_wconf 87' lang='lat' dir='ltr'>doloris</span> <span class='ocrx_word' id='word_1_81' title='bbox 921 604 1231 653; x_wconf 88' lang='lat' dir='ltr'>holocaustum</span> <span class='ocrx_word' id='word_1_82' title='bbox 1246 606 1400 653; x_wconf 90' lang='lat' dir='ltr'>obtulit</span> <span class='ocrx_word' id='word_1_83' title='bbox 1426 628 1435 653; x_wconf 92' lang='lat'><strong>:</strong></span> <span class='ocrx_word' id='word_1_84' title='bbox 1498 613 1632 653; x_wconf 86' lang='lat' dir='ltr'>Bonus</span> <span class='ocrx_word' id='word_1_85' title='bbox 1653 611 1790 661; x_wconf 82' lang='lat' dir='ltr'>homo,</span> <span class='ocrx_word' id='word_1_86' title='bbox 1813 610 1950 664; x_wconf 70' lang='lat' dir='ltr'>inquit</span> <span class='ocrx_word' id='word_1_87' title='bbox 1974 610 2164 662; x_wconf 83' lang='lat' dir='ltr'>Veritas,</span> 
     </span>
     <span class='ocr_line' id='line_1_12' title="bbox 398 671 2167 736; baseline 0.002 -19"><span class='ocrx_word' id='word_1_88' title='bbox 398 673 449 720; x_wconf 83' lang='lat' dir='ltr'>de</span> <span class='ocrx_word' id='word_1_89' title='bbox 470 675 568 718; x_wconf 79' lang='lat' dir='ltr'>bono</span> <span class='ocrx_word' id='word_1_90' title='bbox 585 672 766 731; x_wconf 81' lang='lat' dir='ltr'>thesauro</span> <span class='ocrx_word' id='word_1_91' title='bbox 787 671 983 731; x_wconf 69' lang='lat' dir='ltr'>sordissui</span> <span class='ocrx_word' id='word_1_92' title='bbox 997 673 1150 733; x_wconf 76' lang='lat' dir='ltr'><em>profert</em></span> <span class='ocrx_word' id='word_1_93' title='bbox 1163 674 1317 718; x_wconf 72' lang='lat' dir='ltr'>bonum,</span> <span class='ocrx_word' id='word_1_94' title='bbox 1389 672 1435 719; x_wconf 90' lang='lat' dir='ltr'>O</span> <span class='ocrx_word' id='word_1_95' title='bbox 1451 671 1545 719; x_wconf 80' lang='lat' dir='ltr'>coeli</span> <span class='ocrx_word' id='word_1_96' title='bbox 1562 673 1803 736; x_wconf 80' lang='lat' dir='ltr'>Principes!</span> <span class='ocrx_word' id='word_1_97' title='bbox 1821 672 1976 727; x_wconf 81' lang='lat' dir='ltr'>videte,</span> <span class='ocrx_word' id='word_1_98' title='bbox 1992 679 2043 720; x_wconf 65' lang='grc' dir='ltr'>δέ</span> <span class='ocrx_word' id='word_1_99' title='bbox 2058 691 2167 721; x_wconf 76' lang='lat' dir='ltr'>con-</span> 
     </span>
     <span class='ocr_line' id='line_1_13' title="bbox 392 737 2165 799; baseline 0.001 -15"><span class='ocrx_word' id='word_1_100' title='bbox 392 737 566 785; x_wconf 82' lang='lat' dir='ltr'>fiderate</span> <span class='ocrx_word' id='word_1_101' title='bbox 592 737 801 799; x_wconf 75' lang='lat' dir='ltr'>Reginam</span> <span class='ocrx_word' id='word_1_102' title='bbox 814 739 1000 783; x_wconf 83' lang='lat' dir='ltr'>vestram</span> <span class='ocrx_word' id='word_1_103' title='bbox 1012 771 1021 785; x_wconf 87' lang='lat'>‚</span> <span class='ocrx_word' id='word_1_104' title='bbox 1057 737 1161 782; x_wconf 74' lang='lat' dir='ltr'>aSS.</span> <span class='ocrx_word' id='word_1_105' title='bbox 1178 737 1423 784; x_wconf 85' lang='lat' dir='ltr'>Parentibus</span> <span class='ocrx_word' id='word_1_106' title='bbox 1438 740 1589 785; x_wconf 86' lang='lat' dir='ltr'>vestitu</span> <span class='ocrx_word' id='word_1_107' title='bbox 1607 737 1806 784; x_wconf 81' lang='lat' dir='ltr'>deaurato</span> <span class='ocrx_word' id='word_1_108' title='bbox 1824 737 2096 788; x_wconf 84' lang='lat' dir='ltr'>adornatam,</span> <span class='ocrx_word' id='word_1_109' title='bbox 2114 744 2165 786; x_wconf 73' lang='lat'>&amp;3</span> 
     </span>
     <span class='ocr_line' id='line_1_14' title="bbox 393 802 2167 866; baseline 0 -16"><span class='ocrx_word' id='word_1_110' title='bbox 393 804 737 850; x_wconf 82' lang='lat' dir='ltr'>omnivirtutum</span> <span class='ocrx_word' id='word_1_111' title='bbox 759 819 909 863; x_wconf 78' lang='lat' dir='ltr'><strong>genere</strong></span> <span class='ocrx_word' id='word_1_112' title='bbox 936 819 983 847; x_wconf 93' lang='lat' dir='ltr'>ac</span> <span class='ocrx_word' id='word_1_113' title='bbox 1005 804 1202 848; x_wconf 76' lang='lat' dir='ltr'>varietate</span> <span class='ocrx_word' id='word_1_114' title='bbox 1227 802 1558 856; x_wconf 79' lang='lat' dir='ltr'>circumdatam,</span> <span class='ocrx_word' id='word_1_115' title='bbox 1591 820 1708 849; x_wconf 89' lang='lat' dir='ltr'>nunc</span> <span class='ocrx_word' id='word_1_116' title='bbox 1724 805 1765 849; x_wconf 88' lang='lat' dir='ltr'>in</span> <span class='ocrx_word' id='word_1_117' title='bbox 1791 802 1958 866; x_wconf 89' lang='lat' dir='ltr'>templo</span> <span class='ocrx_word' id='word_1_118' title='bbox 1985 803 2054 849; x_wconf 87' lang='lat' dir='ltr'>diu</span> <span class='ocrx_word' id='word_1_119' title='bbox 2080 821 2167 850; x_wconf 80' lang='lat' dir='ltr'>no-</span> 
     </span>
     <span class='ocr_line' id='line_1_15' title="bbox 393 867 2166 932; baseline 0 -17"><span class='ocrx_word' id='word_1_120' title='bbox 393 868 557 932; x_wconf 67' lang='lat' dir='ltr'>&amp;uque</span> <span class='ocrx_word' id='word_1_121' title='bbox 573 867 777 913; x_wconf 89' lang='lat' dir='ltr'>Domino</span> <span class='ocrx_word' id='word_1_122' title='bbox 791 869 1007 912; x_wconf 83' lang='lat' dir='ltr'>virtutum</span> <span class='ocrx_word' id='word_1_123' title='bbox 1020 869 1306 922; x_wconf 73' lang='lat' dir='ltr'>assistentem3</span> <span class='ocrx_word' id='word_1_124' title='bbox 1344 870 1385 914; x_wconf 91' lang='lat' dir='ltr'>in</span> <span class='ocrx_word' id='word_1_125' title='bbox 1400 870 1570 915; x_wconf 86' lang='lat' dir='ltr'>veritate</span> <span class='ocrx_word' id='word_1_126' title='bbox 1582 885 1675 915; x_wconf 90' lang='lat' dir='ltr'>non</span> <span class='ocrx_word' id='word_1_127' title='bbox 1693 867 1785 914; x_wconf 87' lang='lat' dir='ltr'>sunt</span> <span class='ocrx_word' id='word_1_128' title='bbox 1799 867 1917 914; x_wconf 89' lang='lat' dir='ltr'>allata</span> <span class='ocrx_word' id='word_1_129' title='bbox 1941 868 2046 915; x_wconf 88' lang='lat' dir='ltr'>ultra</span> <span class='ocrx_word' id='word_1_130' title='bbox 2068 885 2166 916; x_wconf 83' lang='lat' dir='ltr'>aro-</span> 
     </span>
     <span class='ocr_line' id='line_1_16' title="bbox 390 931 2168 998; baseline 0.001 -20"><span class='ocrx_word' id='word_1_131' title='bbox 390 946 506 979; x_wconf 82' lang='lat' dir='ltr'>mata</span> <span class='ocrx_word' id='word_1_132' title='bbox 529 946 616 978; x_wconf 91' lang='lat' dir='ltr'>tam</span> <span class='ocrx_word' id='word_1_133' title='bbox 631 948 717 977; x_wconf 89' lang='lat' dir='ltr'>rara</span> <span class='ocrx_word' id='word_1_134' title='bbox 732 967 741 984; x_wconf 93' lang='lat'>‚</span> <span class='ocrx_word' id='word_1_135' title='bbox 775 949 823 978; x_wconf 89' lang='lat' dir='ltr'>ac</span> <span class='ocrx_word' id='word_1_136' title='bbox 838 946 924 978; x_wconf 88' lang='lat' dir='ltr'>tam</span> <span class='ocrx_word' id='word_1_137' title='bbox 940 931 1074 978; x_wconf 89' lang='lat' dir='ltr'>multa</span> <span class='ocrx_word' id='word_1_138' title='bbox 1088 933 1314 985; x_wconf 82' lang='lat' dir='ltr'>virtutum,</span> <span class='ocrx_word' id='word_1_139' title='bbox 1330 935 1462 995; x_wconf 67' lang='lat' dir='ltr'>quam</span> <span class='ocrx_word' id='word_1_140' title='bbox 1488 952 1534 980; x_wconf 89' lang='lat' dir='ltr'>ea</span> <span class='ocrx_word' id='word_1_141' title='bbox 1550 970 1559 986; x_wconf 89' lang='lat'>,</span> <span class='ocrx_word' id='word_1_142' title='bbox 1595 951 1690 998; x_wconf 85' lang='lat' dir='ltr'>quae</span> <span class='ocrx_word' id='word_1_143' title='bbox 1715 932 1829 978; x_wconf 85' lang='lat' dir='ltr'>dedit</span> <span class='ocrx_word' id='word_1_144' title='bbox 1846 934 2008 997; x_wconf 77' lang='lat' dir='ltr'>Regina</span> <span class='ocrx_word' id='word_1_145' title='bbox 2027 936 2168 980; x_wconf 82' lang='lat' dir='ltr'>vestra</span> 
     </span>
     <span class='ocr_line' id='line_1_17' title="bbox 392 996 2168 1060; baseline -0.001 -15"><span class='ocrx_word' id='word_1_146' title='bbox 392 998 497 1059; x_wconf 74' lang='lat' dir='ltr'>Regi</span> <span class='ocrx_word' id='word_1_147' title='bbox 512 999 694 1060; x_wconf 80' lang='lat' dir='ltr'>pacifico</span> <span class='ocrx_word' id='word_1_148' title='bbox 710 996 961 1050; x_wconf 82' lang='lat' dir='ltr'>Salomoni,</span> <span class='ocrx_word' id='word_1_149' title='bbox 995 996 1101 1043; x_wconf 91' lang='lat' dir='ltr'>dum</span> <span class='ocrx_word' id='word_1_150' title='bbox 1124 1000 1159 1044; x_wconf 89' lang='lat' dir='ltr'>ei</span> <span class='ocrx_word' id='word_1_151' title='bbox 1177 1010 1319 1045; x_wconf 89' lang='lat' dir='ltr'>toturn</span> <span class='ocrx_word' id='word_1_152' title='bbox 1333 998 1400 1044; x_wconf 86' lang='lat' dir='ltr'>SS.</span> <span class='ocrx_word' id='word_1_153' title='bbox 1417 998 1512 1045; x_wconf 88' lang='lat' dir='ltr'>Cor</span> <span class='ocrx_word' id='word_1_154' title='bbox 1524 998 1646 1045; x_wconf 90' lang='lat' dir='ltr'>suum</span> <span class='ocrx_word' id='word_1_155' title='bbox 1672 998 1808 1058; x_wconf 74' lang='lat' dir='ltr'>(vere</span> <span class='ocrx_word' id='word_1_156' title='bbox 1826 999 1918 1045; x_wconf 88' lang='lat' dir='ltr'>Cor</span> <span class='ocrx_word' id='word_1_157' title='bbox 1933 998 2168 1045; x_wconf 86' lang='lat' dir='ltr'>secundum</span> 
     </span>
     <span class='ocr_line' id='line_1_18' title="bbox 388 1059 2170 1126; baseline -0.001 -16"><span class='ocrx_word' id='word_1_158' title='bbox 388 1064 431 1110; x_wconf 87' lang='lat' dir='ltr'>C</span> <span class='ocrx_word' id='word_1_159' title='bbox 446 1063 491 1110; x_wconf 90' lang='lat' dir='ltr'>O</span> <span class='ocrx_word' id='word_1_160' title='bbox 505 1064 541 1109; x_wconf 84' lang='lat' dir='ltr'>R</span> <span class='ocrx_word' id='word_1_161' title='bbox 567 1062 611 1109; x_wconf 88' lang='lat' dir='ltr'>D</span> <span class='ocrx_word' id='word_1_162' title='bbox 630 1063 664 1108; x_wconf 84' lang='lat' dir='ltr'>E</span> <span class='ocrx_word' id='word_1_163' title='bbox 680 1063 733 1123; x_wconf 84' lang='grc' dir='ltr'>Ι)</span> <span class='ocrx_word' id='word_1_164' title='bbox 751 1065 1042 1123; x_wconf 60' lang='lat' dir='ltr'>consignavit,</span> <span class='ocrx_word' id='word_1_165' title='bbox 1075 1068 1126 1109; x_wconf 69' lang='grc' dir='ltr'>ὃ(</span> <span class='ocrx_word' id='word_1_166' title='bbox 1140 1065 1181 1108; x_wconf 89' lang='lat' dir='ltr'>in</span> <span class='ocrx_word' id='word_1_167' title='bbox 1204 1065 1511 1126; x_wconf 71' lang='lat' dir='ltr'>paratissimam</span> <span class='ocrx_word' id='word_1_168' title='bbox 1525 1062 1754 1110; x_wconf 58' lang='lat' dir='ltr'>vidtimam</span> <span class='ocrx_word' id='word_1_169' title='bbox 1778 1063 2059 1118; x_wconf 81' lang='lat' dir='ltr'>contradidit3</span> <span class='ocrx_word' id='word_1_170' title='bbox 2095 1059 2170 1109; x_wconf 79' lang='lat' dir='ltr'>hic</span> 
     </span>
    </p>
   </div>
   <div class='ocr_carea' id='block_1_5' title="bbox 101 1114 2168 1199">
    <p class='ocr_par' dir='ltr' id='par_1_5' title="bbox 101 1114 2168 1199">
     <span class='ocr_line' id='line_1_19' title="bbox 101 1114 2168 1199; baseline -0 -24"><span class='ocrx_word' id='word_1_171' title='bbox 101 1149 272 1194; x_wconf 42' lang='grc' dir='ltr'>φωναὶ).</span> <span class='ocrx_word' id='word_1_172' title='bbox 297 1160 359 1199; x_wconf 76' lang='lat'>31,</span> <span class='ocrx_word' id='word_1_173' title='bbox 387 1131 653 1175; x_wconf 66' lang='lat' dir='ltr'>verificatum</span> <span class='ocrx_word' id='word_1_174' title='bbox 678 1127 753 1174; x_wconf 76' lang='lat' dir='ltr'>suit</span> <span class='ocrx_word' id='word_1_175' title='bbox 774 1114 885 1174; x_wconf 23' lang='lat' dir='ltr'>illudi</span> <span class='ocrx_word' id='word_1_176' title='bbox 903 1127 1270 1174; x_wconf 78' lang='lat' dir='ltr'>proverbiorum:</span> <span class='ocrx_word' id='word_1_177' title='bbox 1305 1132 1456 1174; x_wconf 66' lang='lat' dir='ltr'>Multa</span> <span class='ocrx_word' id='word_1_178' title='bbox 1473 1129 1567 1186; x_wconf 74' lang='lat' dir='ltr'>filiae</span> <span class='ocrx_word' id='word_1_179' title='bbox 1582 1143 1921 1188; x_wconf 72' lang='lat' dir='ltr'>congregaverunt</span> <span class='ocrx_word' id='word_1_180' title='bbox 1936 1129 2107 1178; x_wconf 74' lang='lat' dir='ltr'>divitias,</span> <span class='ocrx_word' id='word_1_181' title='bbox 2123 1142 2168 1174; x_wconf 84' lang='lat' dir='ltr'>tu</span> 
     </span>
    </p>
   </div>
   <div class='ocr_carea' id='block_1_6' title="bbox 101 1221 347 1325">
    <p class='ocr_par' dir='ltr' id='par_1_6' title="bbox 101 1221 347 1325">
     <span class='ocr_line' id='line_1_20' title="bbox 160 1221 209 1251; baseline 0 0"><span class='ocrx_word' id='word_1_182' title='bbox 160 1221 209 1251; x_wconf 84' lang='lat'>29</span> 
     </span>
     <span class='ocr_line' id='line_1_21' title="bbox 101 1279 347 1325; baseline -0.004 -2"><span class='ocrx_word' id='word_1_183' title='bbox 101 1279 193 1316; x_wconf 69' lang='lat' dir='ltr'>Gem</span> <span class='ocrx_word' id='word_1_184' title='bbox 219 1289 347 1325; x_wconf 79' lang='lat'>43›17</span> 
     </span>
    </p>
   </div>
   <div class='ocr_carea' id='block_1_7' title="bbox 99 1979 352 2134">
    <p class='ocr_par' dir='ltr' id='par_1_7' title="bbox 99 1979 352 2134">
     <span class='ocr_line' id='line_1_22' title="bbox 100 1979 240 2019; baseline 0.007 -2"><span class='ocrx_word' id='word_1_185' title='bbox 100 1979 240 2019; x_wconf 79' lang='lat' dir='ltr'>Plinius</span> 
     </span>
     <span class='ocr_line' id='line_1_23' title="bbox 103 2036 352 2078; baseline 0.012 -5"><span class='ocrx_word' id='word_1_186' title='bbox 103 2036 173 2075; x_wconf 84' lang='lat' dir='ltr'>lib.</span> <span class='ocrx_word' id='word_1_187' title='bbox 200 2050 216 2075; x_wconf 87' lang='lat'>1</span> <span class='ocrx_word' id='word_1_188' title='bbox 229 2051 242 2077; x_wconf 87' lang='lat'>1</span> <span class='ocrx_word' id='word_1_189' title='bbox 252 2068 260 2078; x_wconf 91' lang='lat'><strong>.</strong></span> <span class='ocrx_word' id='word_1_190' title='bbox 273 2038 352 2076; x_wconf 84' lang='lat' dir='ltr'>Na·-</span> 
     </span>
     <span class='ocr_line' id='line_1_24' title="bbox 99 2094 209 2134; baseline -0.018 -2"><span class='ocrx_word' id='word_1_191' title='bbox 99 2094 209 2134; x_wconf 76' lang='lat' dir='ltr'>tnral.</span> 
     </span>
    </p>
   </div>
   <div class='ocr_carea' id='block_1_8' title="bbox 378 1191 2097 1257">
    <p class='ocr_par' dir='ltr' id='par_1_8' title="bbox 378 1191 2097 1257">
     <span class='ocr_line' id='line_1_25' title="bbox 378 1191 2097 1257; baseline -0.001 -16"><span class='ocrx_word' id='word_1_192' title='bbox 378 1194 618 1257; x_wconf 78' lang='lat' dir='ltr'>fitpergreffa</span> <span class='ocrx_word' id='word_1_193' title='bbox 633 1211 670 1239; x_wconf 84' lang='lat' dir='ltr'>es</span> <span class='ocrx_word' id='word_1_194' title='bbox 692 1192 896 1252; x_wconf 60' lang='lat' dir='ltr'>universas.</span> <span class='ocrx_word' id='word_1_195' title='bbox 959 1194 1022 1239; x_wconf 81' lang='lat' dir='ltr'>Ita</span> <span class='ocrx_word' id='word_1_196' title='bbox 1043 1196 1117 1245; x_wconf 87' lang='lat' dir='ltr'>est,</span> <span class='ocrx_word' id='word_1_197' title='bbox 1141 1191 1171 1238; x_wconf 83' lang='grc' dir='ltr'>ὀ</span> <span class='ocrx_word' id='word_1_198' title='bbox 1187 1194 1455 1239; x_wconf 78' lang='lat' dir='ltr'>Beatiffima!</span> <span class='ocrx_word' id='word_1_199' title='bbox 1480 1206 1522 1239; x_wconf 94' lang='lat' dir='ltr'>tu</span> <span class='ocrx_word' id='word_1_200' title='bbox 1538 1192 1791 1256; x_wconf 71' lang='lat' dir='ltr'>supergressa</span> <span class='ocrx_word' id='word_1_201' title='bbox 1812 1211 1854 1239; x_wconf 84' lang='lat' dir='ltr'>es</span> <span class='ocrx_word' id='word_1_202' title='bbox 1873 1192 2097 1240; x_wconf 78' lang='lat' dir='ltr'>universas.</span> 
     </span>
    </p>
   </div>
   <div class='ocr_carea' id='block_1_9' title="bbox 391 1257 2171 1843">
    <p class='ocr_par' dir='ltr' id='par_1_9' title="bbox 391 1257 2171 1843">
     <span class='ocr_line' id='line_1_26' title="bbox 514 1257 2166 1322; baseline 0 -17"><span class='ocrx_word' id='word_1_203' title='bbox 514 1258 652 1319; x_wconf 86' lang='lat' dir='ltr'>Jacob</span> <span class='ocrx_word' id='word_1_204' title='bbox 670 1257 907 1305; x_wconf 77' lang='lat' dir='ltr'>patriarcha</span> <span class='ocrx_word' id='word_1_205' title='bbox 927 1275 1002 1321; x_wconf 90' lang='lat' dir='ltr'>per</span> <span class='ocrx_word' id='word_1_206' title='bbox 1027 1257 1137 1304; x_wconf 82' lang='lat' dir='ltr'>filios</span> <span class='ocrx_word' id='word_1_207' title='bbox 1160 1257 1257 1304; x_wconf 85' lang='lat' dir='ltr'>suos</span> <span class='ocrx_word' id='word_1_208' title='bbox 1276 1271 1475 1321; x_wconf 87' lang='lat' dir='ltr'>tempore</span> <span class='ocrx_word' id='word_1_209' title='bbox 1492 1259 1738 1305; x_wconf 88' lang='lat' dir='ltr'>communis</span> <span class='ocrx_word' id='word_1_210' title='bbox 1765 1261 1955 1322; x_wconf 81' lang='lat' dir='ltr'>egestatis</span> <span class='ocrx_word' id='word_1_211' title='bbox 1969 1257 2166 1321; x_wconf 86' lang='lat' dir='ltr'>Josepho</span> 
     </span>
     <span class='ocr_line' id='line_1_27' title="bbox 392 1323 2170 1390; baseline -0.002 -17"><span class='ocrx_word' id='word_1_212' title='bbox 392 1326 695 1390; x_wconf 77' lang='lat' dir='ltr'>potentissimo</span> <span class='ocrx_word' id='word_1_213' title='bbox 713 1336 813 1369; x_wconf 90' lang='lat' dir='ltr'>tunc</span> <span class='ocrx_word' id='word_1_214' title='bbox 826 1324 1143 1386; x_wconf 79' lang='lat' dir='ltr'>AEgyptiorum</span> <span class='ocrx_word' id='word_1_215' title='bbox 1165 1324 1338 1386; x_wconf 85' lang='lat' dir='ltr'>Proregi</span> <span class='ocrx_word' id='word_1_216' title='bbox 1363 1326 1559 1386; x_wconf 85' lang='lat' dir='ltr'>optimos</span> <span class='ocrx_word' id='word_1_217' title='bbox 1575 1341 1776 1388; x_wconf 84' lang='lat' dir='ltr'>quosque</span> <span class='ocrx_word' id='word_1_218' title='bbox 1803 1323 1970 1371; x_wconf 56' lang='lat' dir='ltr'>fruitus</span> <span class='ocrx_word' id='word_1_219' title='bbox 1986 1323 2037 1370; x_wconf 92' lang='lat' dir='ltr'>de</span> <span class='ocrx_word' id='word_1_220' title='bbox 2050 1324 2170 1371; x_wconf 82' lang='lat' dir='ltr'>Cha-</span> 
     </span>
     <span class='ocr_line' id='line_1_28' title="bbox 391 1387 2169 1450; baseline -0.002 -12"><span class='ocrx_word' id='word_1_221' title='bbox 391 1409 521 1438; x_wconf 84' lang='lat' dir='ltr'>naam</span> <span class='ocrx_word' id='word_1_222' title='bbox 537 1390 784 1435; x_wconf 78' lang='lat' dir='ltr'>transmisit:</span> <span class='ocrx_word' id='word_1_223' title='bbox 824 1393 980 1434; x_wconf 75' lang='lat' dir='ltr'>Sumite</span> <span class='ocrx_word' id='word_1_224' title='bbox 1003 1387 1054 1434; x_wconf 81' lang='lat' dir='ltr'>de</span> <span class='ocrx_word' id='word_1_225' title='bbox 1080 1393 1228 1450; x_wconf 63' lang='lat' dir='ltr'>optimu</span> <span class='ocrx_word' id='word_1_226' title='bbox 1251 1402 1363 1434; x_wconf 74' lang='lat' dir='ltr'>term</span> <span class='ocrx_word' id='word_1_227' title='bbox 1376 1389 1567 1449; x_wconf 51' lang='lat' dir='ltr'>fructibus</span> <span class='ocrx_word' id='word_1_228' title='bbox 1582 1394 1623 1434; x_wconf 87' lang='lat' dir='ltr'>in</span> <span class='ocrx_word' id='word_1_229' title='bbox 1645 1389 1741 1448; x_wconf 73' lang='lat' dir='ltr'>vasis</span> <span class='ocrx_word' id='word_1_230' title='bbox 1765 1388 1894 1446; x_wconf 72' lang='lat' dir='ltr'>vestris</span> <span class='ocrx_word' id='word_1_231' title='bbox 1910 1424 1920 1442; x_wconf 93' lang='lat'>‚</span> <span class='ocrx_word' id='word_1_232' title='bbox 1955 1388 2169 1450; x_wconf 77' lang='lat' dir='ltr'>&amp;deferte</span> 
     </span>
     <span class='ocr_line' id='line_1_29' title="bbox 394 1455 2169 1516; baseline -0.002 -13"><span class='ocrx_word' id='word_1_233' title='bbox 394 1460 482 1505; x_wconf 72' lang='lat' dir='ltr'>viro</span> <span class='ocrx_word' id='word_1_234' title='bbox 504 1471 666 1501; x_wconf 74' lang='lat' dir='ltr'>munera</span> <span class='ocrx_word' id='word_1_235' title='bbox 700 1482 720 1490; x_wconf 90' lang='lat'>-</span> <span class='ocrx_word' id='word_1_236' title='bbox 744 1484 764 1490; x_wconf 87' lang='lat'><em>-</em></span> <span class='ocrx_word' id='word_1_237' title='bbox 788 1484 810 1490; x_wconf 86' lang='lat'><em>-</em></span> <span class='ocrx_word' id='word_1_238' title='bbox 870 1459 969 1498; x_wconf 86' lang='lat' dir='ltr'>DE</span> <span class='ocrx_word' id='word_1_239' title='bbox 981 1458 1065 1498; x_wconf 82' lang='lat' dir='ltr'>LlS</span> <span class='ocrx_word' id='word_1_240' title='bbox 1084 1467 1215 1499; x_wconf 77' lang='lat' dir='ltr'>autem</span> <span class='ocrx_word' id='word_1_241' title='bbox 1234 1470 1339 1499; x_wconf 87' lang='lat' dir='ltr'>meus</span> <span class='ocrx_word' id='word_1_242' title='bbox 1352 1458 1607 1515; x_wconf 75' lang='lat' dir='ltr'>O7rznipotens</span> <span class='ocrx_word' id='word_1_243' title='bbox 1623 1455 1755 1516; x_wconf 81' lang='lat' dir='ltr'>faciat</span> <span class='ocrx_word' id='word_1_244' title='bbox 1777 1456 1879 1500; x_wconf 73' lang='lat' dir='ltr'>vohis</span> <span class='ocrx_word' id='word_1_245' title='bbox 1901 1471 1988 1500; x_wconf 87' lang='lat' dir='ltr'>eum</span> <span class='ocrx_word' id='word_1_246' title='bbox 1998 1455 2169 1515; x_wconf 74' lang='lat' dir='ltr'>placabi-</span> 
     </span>
     <span class='ocr_line' id='line_1_30' title="bbox 393 1517 2170 1582; baseline -0.001 -14"><span class='ocrx_word' id='word_1_247' title='bbox 393 1527 482 1569; x_wconf 85' lang='lat' dir='ltr'>lem.</span> <span class='ocrx_word' id='word_1_248' title='bbox 546 1520 591 1566; x_wconf 89' lang='lat' dir='ltr'><strong>O</strong></span> <span class='ocrx_word' id='word_1_249' title='bbox 609 1519 832 1565; x_wconf 76' lang='lat' dir='ltr'>beatissimi</span> <span class='ocrx_word' id='word_1_250' title='bbox 848 1522 1085 1581; x_wconf 81' lang='lat' dir='ltr'>conjugum</span> <span class='ocrx_word' id='word_1_251' title='bbox 1099 1517 1299 1577; x_wconf 87' lang='lat' dir='ltr'>Joachim</span> <span class='ocrx_word' id='word_1_252' title='bbox 1313 1524 1362 1565; x_wconf 65' lang='grc' dir='ltr'>δέ</span> <span class='ocrx_word' id='word_1_253' title='bbox 1374 1519 1503 1564; x_wconf 85' lang='lat' dir='ltr'>Anna</span> <span class='ocrx_word' id='word_1_254' title='bbox 1517 1554 1526 1572; x_wconf 89' lang='lat'><em>,</em></span> <span class='ocrx_word' id='word_1_255' title='bbox 1544 1535 1629 1565; x_wconf 82' lang='lat' dir='ltr'>vos</span> <span class='ocrx_word' id='word_1_256' title='bbox 1644 1535 1788 1565; x_wconf 84' lang='lat' dir='ltr'>revera</span> <span class='ocrx_word' id='word_1_257' title='bbox 1800 1520 1843 1564; x_wconf 87' lang='lat' dir='ltr'>in</span> <span class='ocrx_word' id='word_1_258' title='bbox 1867 1518 2035 1582; x_wconf 88' lang='lat' dir='ltr'>templo</span> <span class='ocrx_word' id='word_1_259' title='bbox 2052 1520 2170 1582; x_wconf 74' lang='lat' dir='ltr'>opti-</span> 
     </span>
     <span class='ocr_line' id='line_1_31' title="bbox 394 1581 2169 1633; baseline -0.002 0"><span class='ocrx_word' id='word_1_260' title='bbox 394 1604 520 1633; x_wconf 86' lang='lat' dir='ltr'>mum</span> <span class='ocrx_word' id='word_1_261' title='bbox 541 1584 735 1632; x_wconf 60' lang='lat' dir='ltr'>fruitum</span> <span class='ocrx_word' id='word_1_262' title='bbox 749 1587 939 1630; x_wconf 83' lang='lat' dir='ltr'>vestrum</span> <span class='ocrx_word' id='word_1_263' title='bbox 952 1584 1087 1630; x_wconf 79' lang='lat' dir='ltr'>DEO</span> <span class='ocrx_word' id='word_1_264' title='bbox 1104 1582 1312 1630; x_wconf 87' lang='lat' dir='ltr'>obtulistis</span> <span class='ocrx_word' id='word_1_265' title='bbox 1326 1617 1337 1633; x_wconf 87' lang='lat'><strong>.</strong></span> <span class='ocrx_word' id='word_1_266' title='bbox 1372 1581 1682 1631; x_wconf 66' lang='lat' dir='ltr'>san&amp;iss1mam</span> <span class='ocrx_word' id='word_1_267' title='bbox 1696 1585 1900 1630; x_wconf 90' lang='lat' dir='ltr'>nimirum</span> <span class='ocrx_word' id='word_1_268' title='bbox 1925 1602 1972 1630; x_wconf 90' lang='lat' dir='ltr'>ac</span> <span class='ocrx_word' id='word_1_269' title='bbox 1989 1586 2169 1630; x_wconf 63' lang='lat' dir='ltr'>interne&lt;</span> 
     </span>
     <span class='ocr_line' id='line_1_32' title="bbox 392 1647 2171 1714; baseline -0.003 -16"><span class='ocrx_word' id='word_1_270' title='bbox 392 1665 527 1698; x_wconf 80' lang='lat' dir='ltr'>ratam</span> <span class='ocrx_word' id='word_1_271' title='bbox 547 1649 695 1696; x_wconf 82' lang='lat' dir='ltr'>Filiam</span> <span class='ocrx_word' id='word_1_272' title='bbox 711 1685 721 1702; x_wconf 97' lang='lat'>,</span> <span class='ocrx_word' id='word_1_273' title='bbox 756 1648 807 1695; x_wconf 91' lang='lat' dir='ltr'>de</span> <span class='ocrx_word' id='word_1_274' title='bbox 822 1667 905 1714; x_wconf 81' lang='lat' dir='ltr'>qua</span> <span class='ocrx_word' id='word_1_275' title='bbox 918 1648 1077 1713; x_wconf 90' lang='lat' dir='ltr'>prodiit</span> <span class='ocrx_word' id='word_1_276' title='bbox 1092 1647 1224 1695; x_wconf 86' lang='lat' dir='ltr'>dulcis</span> <span class='ocrx_word' id='word_1_277' title='bbox 1246 1647 1412 1695; x_wconf 50' lang='lat' dir='ltr'>frustm</span> <span class='ocrx_word' id='word_1_278' title='bbox 1435 1649 1508 1708; x_wconf 86' lang='lat' dir='ltr'>JE</span> <span class='ocrx_word' id='word_1_279' title='bbox 1520 1649 1545 1695; x_wconf 83' lang='lat' dir='ltr'>S</span> <span class='ocrx_word' id='word_1_280' title='bbox 1561 1649 1662 1696; x_wconf 80' lang='lat' dir='ltr'>US.</span> <span class='ocrx_word' id='word_1_281' title='bbox 1732 1649 1778 1695; x_wconf 91' lang='lat' dir='ltr'>O</span> <span class='ocrx_word' id='word_1_282' title='bbox 1795 1651 2056 1712; x_wconf 76' lang='lat' dir='ltr'>pientissima</span> <span class='ocrx_word' id='word_1_283' title='bbox 2069 1651 2171 1696; x_wconf 83' lang='lat' dir='ltr'>Vir-</span> 
     </span>
     <span class='ocr_line' id='line_1_33' title="bbox 392 1713 2170 1781; baseline -0.003 -17"><span class='ocrx_word' id='word_1_284' title='bbox 392 1735 453 1781; x_wconf 79' lang='lat' dir='ltr'>go</span> <span class='ocrx_word' id='word_1_285' title='bbox 470 1751 479 1765; x_wconf 91' lang='lat'>‚</span> <span class='ocrx_word' id='word_1_286' title='bbox 530 1715 655 1762; x_wconf 84' lang='lat' dir='ltr'>facias</span> <span class='ocrx_word' id='word_1_287' title='bbox 680 1721 730 1761; x_wconf 62' lang='grc' dir='ltr'>δέ</span> <span class='ocrx_word' id='word_1_288' title='bbox 748 1714 875 1762; x_wconf 89' lang='lat' dir='ltr'>nobis</span> <span class='ocrx_word' id='word_1_289' title='bbox 898 1713 1061 1761; x_wconf 77' lang='lat' dir='ltr'>misellis</span> <span class='ocrx_word' id='word_1_290' title='bbox 1083 1713 1379 1777; x_wconf 87' lang='lat' dir='ltr'>peccatoribus</span> <span class='ocrx_word' id='word_1_291' title='bbox 1401 1713 1518 1760; x_wconf 87' lang='lat' dir='ltr'>hunc</span> <span class='ocrx_word' id='word_1_292' title='bbox 1545 1714 1913 1777; x_wconf 86' lang='lat' dir='ltr'>Omnipotentem</span> <span class='ocrx_word' id='word_1_293' title='bbox 1936 1714 1983 1760; x_wconf 88' lang='lat' dir='ltr'>D</span> <span class='ocrx_word' id='word_1_294' title='bbox 1999 1713 2170 1761; x_wconf 87' lang='lat' dir='ltr'>EUM</span> 
     </span>
     <span class='ocr_line' id='line_1_34' title="bbox 393 1779 2170 1843; baseline -0.001 -15"><span class='ocrx_word' id='word_1_295' title='bbox 393 1799 443 1828; x_wconf 90' lang='lat' dir='ltr'>ac</span> <span class='ocrx_word' id='word_1_296' title='bbox 458 1780 613 1828; x_wconf 75' lang='lat' dir='ltr'>Filium</span> <span class='ocrx_word' id='word_1_297' title='bbox 635 1779 889 1843; x_wconf 82' lang='lat' dir='ltr'>placabilem</span> <span class='ocrx_word' id='word_1_298' title='bbox 922 1799 936 1826; x_wconf 89' lang='lat'>:</span> <span class='ocrx_word' id='word_1_299' title='bbox 1001 1784 1169 1825; x_wconf 82' lang='lat' dir='ltr'><em>DELZS</em></span> <span class='ocrx_word' id='word_1_300' title='bbox 1191 1793 1321 1825; x_wconf 81' lang='lat' dir='ltr'>autem</span> <span class='ocrx_word' id='word_1_301' title='bbox 1347 1783 1601 1842; x_wconf 82' lang='lat' dir='ltr'>Omnipotens</span> <span class='ocrx_word' id='word_1_302' title='bbox 1609 1780 1745 1841; x_wconf 78' lang='lat' dir='ltr'>faciat</span> <span class='ocrx_word' id='word_1_303' title='bbox 1769 1780 1873 1826; x_wconf 75' lang='lat' dir='ltr'><em>vobis</em></span> <span class='ocrx_word' id='word_1_304' title='bbox 1891 1796 1980 1826; x_wconf 81' lang='lat' dir='ltr'>eum</span> <span class='ocrx_word' id='word_1_305' title='bbox 1997 1781 2170 1842; x_wconf 84' lang='lat' dir='ltr'>placabi-</span> 
     </span>
    </p>
   </div>
   <div class='ocr_carea' id='block_1_10' title="bbox 394 1852 2167 1974">
    <p class='ocr_par' dir='ltr' id='par_1_10' title="bbox 394 1852 2167 1974">
     <span class='ocr_line' id='line_1_35' title="bbox 394 1852 2167 1974; baseline -0.002 -17"><span class='ocrx_word' id='word_1_306' title='bbox 394 1852 470 1894; x_wconf 63' lang='lat' dir='ltr'>lem</span> <span class='ocrx_word' id='word_1_307' title='bbox 484 1881 494 1897; x_wconf 50' lang='lat'>²</span> <span class='ocrx_word' id='word_1_308' title='bbox 515 1852 674 1957; x_wconf 44' lang='lat' dir='ltr'>{Cf-VIS</span> <span class='ocrx_word' id='word_1_309' title='bbox 696 1909 865 1974; x_wconf 84' lang='lat' dir='ltr'>insuper</span> <span class='ocrx_word' id='word_1_310' title='bbox 885 1908 995 1962; x_wconf 87' lang='lat' dir='ltr'>scire,</span> <span class='ocrx_word' id='word_1_311' title='bbox 1011 1908 1183 1973; x_wconf 87' lang='lat' dir='ltr'>qualem</span> <span class='ocrx_word' id='word_1_312' title='bbox 1203 1910 1246 1954; x_wconf 87' lang='lat' dir='ltr'>in</span> <span class='ocrx_word' id='word_1_313' title='bbox 1268 1908 1435 1972; x_wconf 92' lang='lat' dir='ltr'>templo</span> <span class='ocrx_word' id='word_1_314' title='bbox 1454 1910 1587 1964; x_wconf 74' lang='lat' dir='ltr'>vitam</span> <span class='ocrx_word' id='word_1_315' title='bbox 1609 1907 1700 1954; x_wconf 83' lang='lat' dir='ltr'>haec</span> <span class='ocrx_word' id='word_1_316' title='bbox 1715 1909 1784 1955; x_wconf 81' lang='lat' dir='ltr'>SS.</span> <span class='ocrx_word' id='word_1_317' title='bbox 1803 1910 1940 1973; x_wconf 80' lang='lat' dir='ltr'>Virgo</span> <span class='ocrx_word' id='word_1_318' title='bbox 1955 1927 2092 1973; x_wconf 85' lang='lat' dir='ltr'>usque</span> <span class='ocrx_word' id='word_1_319' title='bbox 2113 1908 2167 1954; x_wconf 89' lang='lat' dir='ltr'>ad</span> 
     </span>
    </p>
   </div>
   <div class='ocr_carea' id='block_1_11' title="bbox 382 1961 2168 2867">
    <p class='ocr_par' dir='ltr' id='par_1_11' title="bbox 382 1961 2168 2495">
     <span class='ocr_line' id='line_1_36' title="bbox 392 1961 2168 2039; baseline -0.001 -17"><span class='ocrx_word' id='word_1_320' title='bbox 392 1962 677 2023; x_wconf 67' lang='lat' dir='ltr'>felicissimam</span> <span class='ocrx_word' id='word_1_321' title='bbox 691 1975 805 2020; x_wconf 83' lang='lat' dir='ltr'>illam</span> <span class='ocrx_word' id='word_1_322' title='bbox 822 1973 1194 2037; x_wconf 72' lang='lat' dir='ltr'>desponsationem</span> <span class='ocrx_word' id='word_1_323' title='bbox 1212 1991 1312 2020; x_wconf 89' lang='lat' dir='ltr'>cum</span> <span class='ocrx_word' id='word_1_324' title='bbox 1326 1974 1366 2020; x_wconf 87' lang='lat' dir='ltr'>S.</span> <span class='ocrx_word' id='word_1_325' title='bbox 1378 1961 1750 2037; x_wconf 56' lang='lat' dir='ltr'>Josepflnfflterit</span> <span class='ocrx_word' id='word_1_326' title='bbox 1766 1985 1783 2019; x_wconf 90' lang='lat'><strong><em>?</em></strong></span> <span class='ocrx_word' id='word_1_327' title='bbox 1819 1974 1946 2026; x_wconf 88' lang='lat' dir='ltr'>Audi,</span> <span class='ocrx_word' id='word_1_328' title='bbox 1961 1973 2064 2039; x_wconf 86' lang='lat' dir='ltr'>quid</span> <span class='ocrx_word' id='word_1_329' title='bbox 2081 1974 2168 2021; x_wconf 82' lang='lat' dir='ltr'>Pli-</span> 
     </span>
     <span class='ocr_line' id='line_1_37' title="bbox 389 2038 2163 2103; baseline -0.002 -15"><span class='ocrx_word' id='word_1_330' title='bbox 389 2044 484 2088; x_wconf 82' lang='lat' dir='ltr'>nius</span> <span class='ocrx_word' id='word_1_331' title='bbox 500 2040 551 2086; x_wconf 90' lang='lat' dir='ltr'>de</span> <span class='ocrx_word' id='word_1_332' title='bbox 576 2039 786 2086; x_wconf 77' lang='lat' dir='ltr'>melliferis</span> <span class='ocrx_word' id='word_1_333' title='bbox 810 2039 961 2102; x_wconf 84' lang='lat' dir='ltr'>apibus</span> <span class='ocrx_word' id='word_1_334' title='bbox 977 2051 1319 2091; x_wconf 86' lang='lat' dir='ltr'>commemoret,</span> <span class='ocrx_word' id='word_1_335' title='bbox 1349 2041 1421 2103; x_wconf 89' lang='lat' dir='ltr'>qui</span> <span class='ocrx_word' id='word_1_336' title='bbox 1442 2038 1553 2085; x_wconf 81' lang='lat' dir='ltr'>libro</span> <span class='ocrx_word' id='word_1_337' title='bbox 1574 2057 1590 2087; x_wconf 94' lang='lat'>1</span> <span class='ocrx_word' id='word_1_338' title='bbox 1606 2056 1645 2087; x_wconf 88' lang='lat'>1.</span> <span class='ocrx_word' id='word_1_339' title='bbox 1715 2038 1984 2085; x_wconf 87' lang='lat' dir='ltr'>Naturalium</span> <span class='ocrx_word' id='word_1_340' title='bbox 2006 2038 2163 2093; x_wconf 86' lang='lat' dir='ltr'>docet,</span> 
     </span>
     <span class='ocr_line' id='line_1_38' title="bbox 390 2102 2164 2171; baseline -0.001 -18"><span class='ocrx_word' id='word_1_341' title='bbox 390 2106 512 2171; x_wconf 81' lang='lat' dir='ltr'>quod</span> <span class='ocrx_word' id='word_1_342' title='bbox 527 2107 691 2168; x_wconf 78' lang='lat' dir='ltr'>Regem</span> <span class='ocrx_word' id='word_1_343' title='bbox 704 2103 825 2150; x_wconf 86' lang='lat' dir='ltr'>suum</span> <span class='ocrx_word' id='word_1_344' title='bbox 841 2104 1012 2150; x_wconf 90' lang='lat' dir='ltr'>summo</span> <span class='ocrx_word' id='word_1_345' title='bbox 1029 2106 1070 2148; x_wconf 92' lang='lat' dir='ltr'>in</span> <span class='ocrx_word' id='word_1_346' title='bbox 1083 2103 1254 2150; x_wconf 84' lang='lat' dir='ltr'>honore</span> <span class='ocrx_word' id='word_1_347' title='bbox 1269 2102 1421 2149; x_wconf 88' lang='lat' dir='ltr'>habere</span> <span class='ocrx_word' id='word_1_348' title='bbox 1437 2102 1609 2156; x_wconf 85' lang='lat' dir='ltr'>soleant,</span> <span class='ocrx_word' id='word_1_349' title='bbox 1625 2120 1757 2168; x_wconf 86' lang='lat' dir='ltr'>quem</span> <span class='ocrx_word' id='word_1_350' title='bbox 1772 2106 1813 2149; x_wconf 90' lang='lat' dir='ltr'>in</span> <span class='ocrx_word' id='word_1_351' title='bbox 1834 2121 2041 2167; x_wconf 87' lang='lat' dir='ltr'>campum</span> <span class='ocrx_word' id='word_1_352' title='bbox 2055 2122 2164 2168; x_wconf 87' lang='lat' dir='ltr'>pro-</span> 
     </span>
     <span class='ocr_line' id='line_1_39' title="bbox 386 2166 2162 2234; baseline -0.002 -15"><span class='ocrx_word' id='word_1_353' title='bbox 386 2172 590 2219; x_wconf 76' lang='lat' dir='ltr'>deuntem</span> <span class='ocrx_word' id='word_1_354' title='bbox 606 2188 697 2217; x_wconf 88' lang='lat' dir='ltr'>non</span> <span class='ocrx_word' id='word_1_355' title='bbox 714 2169 914 2215; x_wconf 75' lang='lat' dir='ltr'>duntaxat</span> <span class='ocrx_word' id='word_1_356' title='bbox 932 2168 1131 2215; x_wconf 76' lang='lat' dir='ltr'>officiose</span> <span class='ocrx_word' id='word_1_357' title='bbox 1158 2170 1427 2221; x_wconf 87' lang='lat' dir='ltr'>comitantur,</span> <span class='ocrx_word' id='word_1_358' title='bbox 1443 2181 1570 2234; x_wconf 88' lang='lat' dir='ltr'>atque</span> <span class='ocrx_word' id='word_1_359' title='bbox 1594 2185 1676 2231; x_wconf 85' lang='lat' dir='ltr'>pro</span> <span class='ocrx_word' id='word_1_360' title='bbox 1693 2167 1799 2214; x_wconf 84' lang='lat' dir='ltr'>illius</span> <span class='ocrx_word' id='word_1_361' title='bbox 1814 2166 1940 2214; x_wconf 85' lang='lat' dir='ltr'>salute</span> <span class='ocrx_word' id='word_1_362' title='bbox 1954 2168 2162 2232; x_wconf 77' lang='lat' dir='ltr'>generoso</span> 
     </span>
     <span class='ocr_line' id='line_1_40' title="bbox 383 2231 2166 2300; baseline -0.001 -18"><span class='ocrx_word' id='word_1_363' title='bbox 383 2239 548 2289; x_wconf 88' lang='lat' dir='ltr'>animo,</span> <span class='ocrx_word' id='word_1_364' title='bbox 566 2238 594 2281; x_wconf 83' lang='lat' dir='ltr'>fi</span> <span class='ocrx_word' id='word_1_365' title='bbox 617 2234 739 2300; x_wconf 77' lang='lat' dir='ltr'>quod</span> <span class='ocrx_word' id='word_1_366' title='bbox 766 2234 960 2297; x_wconf 68' lang='lat' dir='ltr'>praelium</span> <span class='ocrx_word' id='word_1_367' title='bbox 977 2251 1076 2280; x_wconf 91' lang='lat' dir='ltr'>cum</span> <span class='ocrx_word' id='word_1_368' title='bbox 1099 2232 1204 2279; x_wconf 81' lang='lat' dir='ltr'>fucis</span> <span class='ocrx_word' id='word_1_369' title='bbox 1220 2239 1269 2280; x_wconf 68' lang='grc' dir='ltr'>δέ</span> <span class='ocrx_word' id='word_1_370' title='bbox 1286 2231 1524 2280; x_wconf 73' lang='lat' dir='ltr'>adversariis</span> <span class='ocrx_word' id='word_1_371' title='bbox 1539 2231 1739 2296; x_wconf 80' lang='lat' dir='ltr'>exsurgat,</span> <span class='ocrx_word' id='word_1_372' title='bbox 1753 2235 1887 2279; x_wconf 87' lang='lat' dir='ltr'>vitam</span> <span class='ocrx_word' id='word_1_373' title='bbox 1912 2247 2166 2297; x_wconf 86' lang='lat' dir='ltr'>exponunt,</span> 
     </span>
     <span class='ocr_line' id='line_1_41' title="bbox 382 2298 2166 2365; baseline -0.001 -17"><span class='ocrx_word' id='word_1_374' title='bbox 382 2302 450 2348; x_wconf 86' lang='lat' dir='ltr'>sed</span> <span class='ocrx_word' id='word_1_375' title='bbox 467 2304 591 2347; x_wconf 83' lang='lat' dir='ltr'>etiam</span> <span class='ocrx_word' id='word_1_376' title='bbox 617 2303 656 2346; x_wconf 89' lang='lat' dir='ltr'>in</span> <span class='ocrx_word' id='word_1_377' title='bbox 673 2299 824 2346; x_wconf 77' lang='lat' dir='ltr'>alveari</span> <span class='ocrx_word' id='word_1_378' title='bbox 839 2298 915 2346; x_wconf 87' lang='lat' dir='ltr'>suo</span> <span class='ocrx_word' id='word_1_379' title='bbox 931 2298 1188 2361; x_wconf 83' lang='lat' dir='ltr'>peculiarem</span> <span class='ocrx_word' id='word_1_380' title='bbox 1210 2298 1417 2344; x_wconf 89' lang='lat' dir='ltr'>thronum</span> <span class='ocrx_word' id='word_1_381' title='bbox 1433 2316 1484 2345; x_wconf 78' lang='lat' dir='ltr'>ex</span> <span class='ocrx_word' id='word_1_382' title='bbox 1501 2301 1668 2362; x_wconf 87' lang='lat' dir='ltr'>optima</span> <span class='ocrx_word' id='word_1_383' title='bbox 1694 2316 1785 2343; x_wconf 87' lang='lat' dir='ltr'>cera</span> <span class='ocrx_word' id='word_1_384' title='bbox 1804 2300 1838 2344; x_wconf 90' lang='lat' dir='ltr'>ei</span> <span class='ocrx_word' id='word_1_385' title='bbox 1855 2313 2015 2362; x_wconf 83' lang='lat' dir='ltr'>parant,</span> <span class='ocrx_word' id='word_1_386' title='bbox 2033 2317 2166 2365; x_wconf 86' lang='lat' dir='ltr'>quem</span> 
     </span>
     <span class='ocr_line' id='line_1_42' title="bbox 384 2361 2164 2429; baseline -0.001 -17"><span class='ocrx_word' id='word_1_387' title='bbox 384 2365 675 2413; x_wconf 73' lang='lat' dir='ltr'>redolentibus</span> <span class='ocrx_word' id='word_1_388' title='bbox 690 2366 868 2411; x_wconf 73' lang='lat' dir='ltr'>floribus</span> <span class='ocrx_word' id='word_1_389' title='bbox 894 2366 1134 2425; x_wconf 75' lang='lat' dir='ltr'>cingunt&amp;</span> <span class='ocrx_word' id='word_1_390' title='bbox 1148 2362 1370 2417; x_wconf 87' lang='lat' dir='ltr'>adornant,</span> <span class='ocrx_word' id='word_1_391' title='bbox 1386 2365 1428 2409; x_wconf 89' lang='lat' dir='ltr'>in</span> <span class='ocrx_word' id='word_1_392' title='bbox 1452 2381 1543 2429; x_wconf 87' lang='lat' dir='ltr'>quo</span> <span class='ocrx_word' id='word_1_393' title='bbox 1559 2363 1653 2410; x_wconf 75' lang='lat' dir='ltr'>Rex</span> <span class='ocrx_word' id='word_1_394' title='bbox 1677 2361 1762 2427; x_wconf 86' lang='lat' dir='ltr'>ipse</span> <span class='ocrx_word' id='word_1_395' title='bbox 1777 2362 1892 2411; x_wconf 83' lang='lat' dir='ltr'>solus</span> <span class='ocrx_word' id='word_1_396' title='bbox 1912 2367 1999 2411; x_wconf 87' lang='lat' dir='ltr'>fine</span> <span class='ocrx_word' id='word_1_397' title='bbox 2014 2364 2164 2412; x_wconf 84' lang='lat' dir='ltr'>aculeo</span> 
     </span>
     <span class='ocr_line' id='line_1_43' title="bbox 383 2427 1018 2495; baseline -0.006 -17"><span class='ocrx_word' id='word_1_398' title='bbox 383 2431 632 2495; x_wconf 79' lang='lat' dir='ltr'>reipublicoe</span> <span class='ocrx_word' id='word_1_399' title='bbox 659 2429 877 2493; x_wconf 76' lang='lat' dir='ltr'>praesidere</span> <span class='ocrx_word' id='word_1_400' title='bbox 900 2427 1018 2475; x_wconf 87' lang='lat' dir='ltr'>solet.</span> 
     </span>
    </p>

    <p class='ocr_par' dir='ltr' id='par_1_12' title="bbox 383 2491 2166 2820">
     <span class='ocr_line' id='line_1_44' title="bbox 514 2491 2164 2557; baseline 0 -17"><span class='ocrx_word' id='word_1_401' title='bbox 514 2494 633 2554; x_wconf 79' lang='lat' dir='ltr'>Qd</span> <span class='ocrx_word' id='word_1_402' title='bbox 657 2494 768 2541; x_wconf 87' lang='lat' dir='ltr'>aliud</span> <span class='ocrx_word' id='word_1_403' title='bbox 793 2508 875 2540; x_wconf 87' lang='lat' dir='ltr'>erat</span> <span class='ocrx_word' id='word_1_404' title='bbox 899 2494 968 2540; x_wconf 83' lang='lat' dir='ltr'>SS.</span> <span class='ocrx_word' id='word_1_405' title='bbox 985 2494 1122 2556; x_wconf 83' lang='lat' dir='ltr'>Virgo</span> <span class='ocrx_word' id='word_1_406' title='bbox 1137 2510 1213 2556; x_wconf 85' lang='lat' dir='ltr'>per</span> <span class='ocrx_word' id='word_1_407' title='bbox 1229 2491 1463 2539; x_wconf 86' lang='lat' dir='ltr'>duodecim</span> <span class='ocrx_word' id='word_1_408' title='bbox 1484 2509 1699 2540; x_wconf 89' lang='lat' dir='ltr'>annorum</span> <span class='ocrx_word' id='word_1_409' title='bbox 1721 2491 1902 2557; x_wconf 86' lang='lat' dir='ltr'>spatium</span> <span class='ocrx_word' id='word_1_410' title='bbox 1928 2494 1971 2540; x_wconf 86' lang='lat' dir='ltr'>in</span> <span class='ocrx_word' id='word_1_411' title='bbox 1996 2493 2164 2556; x_wconf 89' lang='lat' dir='ltr'>templo</span> 
     </span>
     <span class='ocr_line' id='line_1_45' title="bbox 384 2556 2165 2623; baseline -0.002 -15"><span class='ocrx_word' id='word_1_412' title='bbox 384 2577 690 2614; x_wconf 77' lang='lat' dir='ltr'>commorans;</span> <span class='ocrx_word' id='word_1_413' title='bbox 726 2561 857 2617; x_wconf 57' lang='lat' dir='ltr'>quam</span> <span class='ocrx_word' id='word_1_414' title='bbox 873 2559 961 2605; x_wconf 83' lang='lat' dir='ltr'>talis</span> <span class='ocrx_word' id='word_1_415' title='bbox 988 2556 1282 2621; x_wconf 73' lang='lat' dir='ltr'>argumentosa</span> <span class='ocrx_word' id='word_1_416' title='bbox 1301 2558 1484 2621; x_wconf 84' lang='lat' dir='ltr'>apicula,</span> <span class='ocrx_word' id='word_1_417' title='bbox 1500 2575 1594 2623; x_wconf 87' lang='lat' dir='ltr'>quae</span> <span class='ocrx_word' id='word_1_418' title='bbox 1610 2561 1702 2620; x_wconf 85' lang='lat' dir='ltr'>jam</span> <span class='ocrx_word' id='word_1_419' title='bbox 1717 2571 1818 2605; x_wconf 91' lang='lat' dir='ltr'>tunc</span> <span class='ocrx_word' id='word_1_420' title='bbox 1834 2561 2040 2622; x_wconf 83' lang='lat' dir='ltr'>temporis</span> <span class='ocrx_word' id='word_1_421' title='bbox 2056 2559 2165 2605; x_wconf 85' lang='lat' dir='ltr'>DEI</span> 
     </span>
     <span class='ocr_line' id='line_1_46' title="bbox 386 2621 2165 2688; baseline -0.001 -17"><span class='ocrx_word' id='word_1_422' title='bbox 386 2625 497 2672; x_wconf 73' lang='lat' dir='ltr'>Filio</span> <span class='ocrx_word' id='word_1_423' title='bbox 513 2626 679 2688; x_wconf 71' lang='lat' dir='ltr'>&amp;Regi</span> <span class='ocrx_word' id='word_1_424' title='bbox 704 2621 780 2671; x_wconf 58' lang='lat' dir='ltr'>su&#39;o</span> <span class='ocrx_word' id='word_1_425' title='bbox 800 2637 983 2671; x_wconf 79' lang='lat' dir='ltr'>venturo</span> <span class='ocrx_word' id='word_1_426' title='bbox 1000 2640 1052 2670; x_wconf 86' lang='lat' dir='ltr'>ex</span> <span class='ocrx_word' id='word_1_427' title='bbox 1067 2622 1256 2685; x_wconf 73' lang='lat' dir='ltr'>virginali</span> <span class='ocrx_word' id='word_1_428' title='bbox 1282 2641 1373 2670; x_wconf 88' lang='lat' dir='ltr'>cera</span> <span class='ocrx_word' id='word_1_429' title='bbox 1393 2623 1559 2670; x_wconf 83' lang='lat' dir='ltr'>illibatae</span> <span class='ocrx_word' id='word_1_430' title='bbox 1585 2625 1716 2669; x_wconf 85' lang='lat' dir='ltr'>carnis</span> <span class='ocrx_word' id='word_1_431' title='bbox 1745 2621 1825 2669; x_wconf 81' lang='lat' dir='ltr'>suae</span> <span class='ocrx_word' id='word_1_432' title='bbox 1849 2623 2053 2671; x_wconf 72' lang='lat' dir='ltr'>indefesso</span> <span class='ocrx_word' id='word_1_433' title='bbox 2076 2627 2165 2680; x_wconf 78' lang='lat' dir='ltr'>stu-</span> 
     </span>
     <span class='ocr_line' id='line_1_47' title="bbox 386 2688 2165 2753; baseline -0.002 -17"><span class='ocrx_word' id='word_1_434' title='bbox 386 2690 461 2736; x_wconf 85' lang='lat' dir='ltr'>dio</span> <span class='ocrx_word' id='word_1_435' title='bbox 476 2708 523 2736; x_wconf 89' lang='lat' dir='ltr'>ac</span> <span class='ocrx_word' id='word_1_436' title='bbox 540 2690 685 2736; x_wconf 87' lang='lat' dir='ltr'>labore</span> <span class='ocrx_word' id='word_1_437' title='bbox 710 2688 1096 2753; x_wconf 77' lang='lat' dir='ltr'>splendidissimum</span> <span class='ocrx_word' id='word_1_438' title='bbox 1111 2688 1317 2734; x_wconf 82' lang='lat' dir='ltr'>thronum</span> <span class='ocrx_word' id='word_1_439' title='bbox 1331 2688 1598 2752; x_wconf 67' lang='lat' dir='ltr'>pra-paravit,</span> <span class='ocrx_word' id='word_1_440' title='bbox 1610 2705 1797 2752; x_wconf 82' lang='lat' dir='ltr'>eumque</span> <span class='ocrx_word' id='word_1_441' title='bbox 1812 2691 2052 2751; x_wconf 82' lang='lat' dir='ltr'>omnigenis</span> <span class='ocrx_word' id='word_1_442' title='bbox 2077 2690 2165 2735; x_wconf 81' lang='lat' dir='ltr'>vir-</span> 
     </span>
     <span class='ocr_line' id='line_1_48' title="bbox 383 2751 2166 2820; baseline -0.003 -18"><span class='ocrx_word' id='word_1_443' title='bbox 383 2767 525 2804; x_wconf 85' lang='lat' dir='ltr'>tutum</span> <span class='ocrx_word' id='word_1_444' title='bbox 540 2754 717 2803; x_wconf 75' lang='lat' dir='ltr'>floribus</span> <span class='ocrx_word' id='word_1_445' title='bbox 732 2757 971 2807; x_wconf 77' lang='lat' dir='ltr'>exornavit,</span> <span class='ocrx_word' id='word_1_446' title='bbox 987 2757 1031 2805; x_wconf 86' lang='lat' dir='ltr'>in</span> <span class='ocrx_word' id='word_1_447' title='bbox 1048 2769 1139 2820; x_wconf 87' lang='lat' dir='ltr'>quo</span> <span class='ocrx_word' id='word_1_448' title='bbox 1156 2751 1208 2802; x_wconf 80' lang='lat' dir='ltr'>de</span> <span class='ocrx_word' id='word_1_449' title='bbox 1241 2755 1330 2805; x_wconf 82' lang='lat' dir='ltr'>smu</span> <span class='ocrx_word' id='word_1_450' title='bbox 1345 2754 1474 2805; x_wconf 85' lang='lat' dir='ltr'>Patris</span> <span class='ocrx_word' id='word_1_451' title='bbox 1488 2752 1620 2818; x_wconf 74' lang='lat' dir='ltr'>paulo</span> <span class='ocrx_word' id='word_1_452' title='bbox 1635 2756 1741 2818; x_wconf 86' lang='lat' dir='ltr'>post</span> <span class='ocrx_word' id='word_1_453' title='bbox 1763 2752 2027 2805; x_wconf 83' lang='lat' dir='ltr'>descensurus</span> <span class='ocrx_word' id='word_1_454' title='bbox 2042 2769 2166 2817; x_wconf 87' lang='lat' dir='ltr'>para-</span> 
     </span>
    </p>

    <p class='ocr_par' dir='ltr' id='par_1_13' title="bbox 2063 2830 2163 2867">
     <span class='ocr_line' id='line_1_49' title="bbox 2063 2830 2163 2867; baseline 0 -1"><span class='ocrx_word' id='word_1_455' title='bbox 2063 2830 2163 2867; x_wconf 66' lang='lat' dir='ltr'>tum</span> 
     </span>
    </p>
   </div>
  </div>
 </body>
</html>
