2315 3068
455 114 477 154 1
488 112 563 168 40
1050 84 1384 164 Consideratio
1461 89 1575 146 XX.

447 185 532 240 dit,
571 185 644 232 ubi
666 182 840 249 expletis
864 181 1027 246 septem
1048 181 1322 231 solemnitatis
1345 182 1494 231 diebus
1516 217 1526 232 ‚
1558 187 1610 230 δέ
1628 181 1812 246 peractis
1832 180 1884 228 de
1908 199 2030 231 more
2053 185 2213 247 pietatis

449 253 603 299 officiis
618 284 627 300 ‚
665 267 765 296 curn
787 249 932 294 amicis
946 281 956 297 ,
990 249 1194 313 notisque
1216 249 1471 295 concivibus
1493 247 1785 294 Nazarethum
1806 249 1848 293 in
1868 250 2052 310 patrium
2074 247 2213 295 solum

448 319 566 362 viam
579 314 759 376 relegere
782 315 936 376 coepit3
972 311 1131 359 verum
1155 312 1549 360 tristi&lut‘.}uoso
1573 330 1673 359 cum
1700 327 1869 361 eventu,
1885 311 1990 359 dum
2005 313 2114 359 Puer
2135 314 2216 373 JE-

451 380 562 428 SUS
587 377 720 425 insciis
744 377 988 442 parentibus
1004 375 1117 423 solus
1136 376 1418 440 Jerosolymae
1434 379 1650 431 remansit,
1684 395 1816 442 quem
1835 379 2010 440 piiffimi
2025 379 2219 425 Parentes

449 447 494 491 in
509 447 578 491 via
596 447 701 491 inter
715 456 949 506 cognatos,
983 448 1181 490 &notos
1203 440 1376 490 summo
1392 446 1520 491 animi
1535 460 1636 491 cum
1661 441 1815 489 dolore
1837 460 1914 506 per
1936 442 2122 491 triduum
2135 442 2221 491 fru-

452 513 536 557 stra
558 508 847 575 quaeritabant.

581 585 628 632 O
654 587 764 632 triste
787 584 975 632 triduum
1000 586 1010 631 .¹
1074 584 1197 649 quod
1224 587 1325 632 teste
1337 584 1398 633 D.
1421 582 1659 631 Ambrosio
1677 582 1783 632 illius
1810 584 2078 632 afflictissimi
2103 583 2225 632 tridui

453 649 715 715 praeludium
731 652 860 697 extitit
874 684 884 700 ,
898 653 940 696 in
965 667 1058 715 quo
1075 651 1290 700 Christus,
1326 664 1533 714 tanquam
1556 651 1765 697 innocens
1780 650 1960 697 victima
1975 652 1994 696 ὲ
2011 652 2129 698 Patre
2142 668 2225 715 pro

452 715 581 763 salute
602 715 753 762 mundi
767 714 980 765 destinata,
994 720 1097 778 post
1112 734 1186 766 21.
1201 734 1339 764 annos
1362 718 1404 762 in
1419 732 1487 761 ara
1506 716 1638 761 crucis
1654 731 1736 762 erat
1760 714 2067 763 immolandus,
2135 717 2228 762 Au-

455 780 497 827 di
518 783 561 827 in
584 781 695 827 hanc
716 798 807 826 rem
827 781 866 827 S.
887 780 1174 828 Eucherium:
1210 783 1401 843 Religiofi
1420 786 1624 830 Parentes,
1636 781 1772 846 inquit
1793 815 1802 830 ‚
1835 797 1903 843 per
1907 782 2082 843 singulos
2104 799 2230 828 annos

156 847 192 888 S·
213 846 363 893 Euchen
452 848 564 894 ibant
586 850 627 892 in
639 847 884 908 Hierusalem
898 880 910 896 ,
945 860 990 893 ut
1014 851 1161 908 Legem
1183 846 1392 896 audirent,
1414 845 1619 905 Sacrificiia
1637 851 1942 909 participarent,
1969 846 2227 907 solemnitati·

157 900 265 947 hom,
291 905 331 942 in
456 914 523 958 bus
540 911 777 971 interessent,
813 910 862 958 (θ’
879 916 958 972 ejus
978 911 1109 958 adhuc
1122 914 1263 958 umbra
1278 911 1519 972 serviebant,
1567 916 1673 972 cujus
1685 917 1773 972 jam
1795 914 1978 958 tenebant
1998 917 2251 961 veritatem.-v

158 960 245 1008 μω
265 972 313 1005 2·
461 983 570 1024 Tota
591 982 692 1022 enim
707 980 770 1022 illa
787 977 1011 1037 solemnitas
1031 976 1167 1037 Christi
1181 973 1397 1039 paffionem
1413 975 1462 1023 (θ’
1477 975 1788 1034 resurrec'lionem
1810 977 1859 1024 ὠ
1880 992 2019 1023 catera
2032 1011 2042 1026 ,
2077 995 2159 1037 quae
2179 976 2230 1025 de
2288 1016 2297 1026 „

459 1042 539 1105 ipso
554 1043 702 1103 scripta
715 1043 832 1102 sum,
845 1042 1106 1102 significabat.
1211 1048 1312 1088 Erat
1331 1048 1453 1104 igitur
1486 1041 1588 1104 ‘JES
1593 1047 1668 1087 LIS
1685 1046 1725 1087 in
1731 1042 2007 1101 solemnitate,
2039 1047 2104 1103 qui
2124 1056 2228 1090 totus

462 1121 548 1154 erat
568 1108 682 1168 caufit
695 1107 977 1167 solemniacum
1013 1107 1087 1169 ipse
1101 1109 1362 1168 jugulabatur
1381 1112 1421 1153 in
1443 1113 1569 1167 agnis,
1585 1110 1863 1154 immolabatur
1877 1113 1917 1154 in
1937 1112 2066 1154 vitulis
2081 1141 2091 1156 ,
2125 1106 2174 1155 ά
2190 1114 2230 1154 in

461 1175 638 1219 omnibus
661 1173 868 1232 Sacrificiia
887 1172 1135 1232 offerebatur.
1214 1179 1363 1219 Mater
1385 1188 1537 1232 quoque
1561 1177 1638 1232 ejus
1657 1176 1786 1217 multa
1809 1175 1863 1219 ibi
1883 1177 1923 1218 in
1940 1177 2048 1233 Lege
2069 1172 2117 1221 (3⁹
2131 1178 2232 1219 Pro·

456 1241 583 1301 phetis
595 1241 750 1283 cantari
770 1235 981 1290 audiebat,
1011 1254 1094 1297 quae
1114 1236 1164 1284 de
1179 1237 1257 1299 ipso
1271 1237 1351 1283 dici
1363 1238 1621 1297 intelligebat,
1658 1235 1762 1282 dum
1782 1254 1833 1284 ex
1858 1236 2111 1285 lectione&
2135 1255 2232 1285 ora-

462 1302 566 1349 culiS
579 1301 895 1365 Prophetarum
908 1337 918 1355 ,
951 1308 1000 1349 δέ
1014 1301 1082 1349 vel
1102 1301 1291 1348 maxime
1314 1320 1366 1349 ex
1382 1301 1639 1348 revelatione
1654 1302 1841 1349 VERBI
1864 1303 2034 1366 optim'e
2057 1320 2230 1366 cogno—

461 1367 623 1420 scebat,
660 1366 782 1431 quod
797 1385 873 1430 per
896 1366 1057 1430 lingula
1071 1366 1284 1430 ejusmodi
1306 1368 1525 1414 Sacrificia,
1542 1384 1636 1430 qua:
1652 1370 1839 1430 propriis
1863 1370 1988 1414 etiam
2010 1366 2229 1432 specstabat

463 1431 623 1485 oculis,
660 1432 718 1478 nil
733 1431 897 1477 aliudin
921 1431 1072 1478 umbra
1096 1433 1422 1494 praesignaretur,
1438 1433 1570 1495 quiam
1585 1431 1741 1478 Christi
1757 1433 1983 1496 Unigeniti
1998 1431 2055 1480 sui
2074 1436 2233 1496 pastio,
2260 1456 2263 1458 ·
2298 1463 2305 1467 -

462 1502 763 1544 crux&mors
790 1510 973 1542 cruenta.
1043 1496 1088 1542 O
1104 1498 1361 1559 pientiffima
1385 1495 1551 1547 Mater,
1586 1497 1680 1558 quis
1704 1515 1937 1544 moerorem
1953 1504 2003 1544 &
2028 1497 2230 1545 dolorem

461 1562 733 1609 Sacratiffimi
755 1560 986 1608 CORDIS
1012 1563 1070 1607 tui
1089 1559 1306 1624 condigne
1319 1562 1476 1624 poterit
1493 1559 1734 1622 explicare?
1769 1563 1824 1608 Et
1838 1576 1905 1616 tu,
1943 1561 1974 1608 ὃ
1998 1565 2233 1611 amantiffi-
2294 1570 2298 1573 ’

463 1644 535 1674 me
552 1626 723 1686 JESU!
759 1625 996 1690 quomodo
1020 1628 1242 1672 intantum
1266 1640 1435 1689 poteras
1458 1626 1645 1687 affligere
1659 1626 1995 1674 Sacratiffimum
2015 1627 2146 1674 COR
2170 1629 2234 1673 in-

462 1693 781 1739 nocentissimae
794 1689 945 1736 Matris
967 1703 1046 1737 tuae
1060 1726 1070 1745 ‚
1105 1703 1155 1738 ut
1179 1702 1269 1738 tota
1290 1696 1377 1755 ejus
1392 1692 1478 1737 vita
1492 1702 1634 1736 tecum
1646 1695 1736 1754 pari
1759 1694 1922 1740 radone
1944 1695 2059 1739 fieret
2080 1709 2238 1756 perpe-

463 1768 534 1804 tua
554 1774 657 1804 crux
670 1762 721 1803 δέ
741 1757 1024 1818 martyrium?

595 1854 636 1885 2.
673 1836 759 1882 Pro
784 1834 1064 1899 responsione
1086 1839 1136 1881 86
1151 1832 1367 1881 solutione
1386 1832 1512 1896 hujus
1539 1836 1786 1898 quaestionis
1809 1839 2037 1900 praefixum
2061 1847 2237 1900 oportet

463 1899 666 1965 inspicere
680 1900 909 1947 Emblema
923 1935 933 1953 ‚
967 1902 1010 1946 in
1025 1916 1117 1964 quo
1142 1897 1235 1945 duae
1251 1898 1484 1952 columbae,
1497 1902 1639 1946 rostro
1661 1897 1742 1947 sese
1764 1903 1953 1948 invicem
1967 1900 2159 1948 ferientes
2174 1918 2239 1947 re-

463 1965 777 2030 praesentantur.
847 1964 963 2012 Solet
978 1977 1121 2010 autem
1151 1963 1356 2010 columba
1380 1962 1720 2028 mascula,prout
1745 1966 1855 2013 bene
1874 1969 1918 2012 in
1940 1984 2030 2012 rem
2043 1970 2238 2013 nostram
2272 1962 2281 1969 ’

466 2030 646 2078 advertit
669 2030 897 2076 Guerricus
911 2027 1245 2078 Abbas,sociam
1267 2026 1397 2082 suam,
1424 2046 1557 2092 quam
1580 2028 1673 2076 fido
1695 2030 1967 2095 prosequitur
1989 2048 2161 2081 amore,
2194 2032 2239 2077 in
2281 2050 2295 2057 “

467 2094 683 2158 peculiare
698 2096 855 2141 amoris
877 2096 1032 2157 pignus
1052 2091 1205 2156 saepiiis
1219 2096 1361 2140 rostro
1384 2091 1465 2140 suo
1483 2093 1616 2148 ferire,
1630 2095 1742 2142 unde
1766 2096 1950 2143 Lemma
1961 2096 2093 2142 Arefii
2116 2113 2168 2143 ex
2192 2095 2242 2142 il-

465 2160 512 2206 lo
526 2159 866 2206 proverbiorum
882 2176 974 2221 cap.
993 2176 1033 2217 3.
1057 2176 1099 2204 v.
1129 2176 1201 2207 12.
1226 2170 1471 2205 mutuatum
1503 2179 1514 2205 ι
1558 2164 1691 2224 Qam
1706 2161 1865 2224 diligit,
1884 2166 2080 2224 percutit2·
2117 2160 2184 2209 vel
2203 2161 2237 2208 fi
2277 2186 2281 2188 >

468 2226 604 2289 magis
621 2223 767 2272 arridet
792 2221 897 2271 illud
910 2221 1246 2288 Apocalypseos
1266 2240 1301 2269 c.
1318 2239 1361 2283 3.
1379 2241 1424 2270 v.
1445 2241 1461 2273 1
1476 2240 1518 2283 3.

1024 2345 1235 2415 Amat
1269 2345 1346 2415 ὃς
1376 2339 1657 2432 castigat.

591 2454 654 2502 Ita
669 2457 755 2502 est:
790 2454 920 2501 Amat
941 2453 988 2501 D
1001 2453 1101 2501 EU
1116 2454 1141 2500 S
1157 2460 1208 2502 δέ
1225 2457 1419 2517 castigat,
1454 2453 1484 2500 ὀ
1506 2454 1767 2517 pientissima
1779 2454 1920 2519 Virgo
1934 2489 1944 2506 ‚
1981 2452 2082 2504 vere
2094 2454 2238 2505 Mater

175 2528 285 2576 Cant,
310 2544 347 2580 5.
364 2545 384 2572 2
463 2522 624 2567 amoris
639 2526 689 2567 δέ
704 2518 867 2567 doloris
883 2555 896 2573 ‚
929 2532 971 2565 tu
996 2518 1062 2564 illa
1086 2517 1199 2565 socia
1223 2537 1264 2565 es
1291 2518 1520 2566 columba:
1553 2520 1706 2566 Amica
1726 2536 1825 2570 mea,
1837 2523 2014 2568 columba
2036 2539 2145 2572 mea,
2167 2526 2238 2569 im·

457 2590 664 2631 maculata
680 2602 766 2631 mea
779 2619 788 2634 ‚
826 2602 958 2650 quam
970 2583 1078 2629 DEI
1093 2582 1221 2630 Filius
1243 2587 1283 2629 in
1302 2587 1331 2630 fi
1364 2601 1470 2630 num
1484 2581 1702 2631 summi&
1718 2587 1932 2647 puriffimi
1956 2589 2129 2636 amoris,
2144 2603 2236 2652 quo

464 2647 629 2714 semper
642 2649 752 2696 hanc
767 2650 1096 2696 Sacratiffimam
1113 2646 1301 2694 Matrem
1333 2666 1432 2695 uam
1448 2648 1704 2712 complexus
1727 2652 1799 2702 est,
1825 2651 2057 2698 innumeris
2072 2668 2236 2716 prope-

461 2713 650 2763 modum
666 2713 978 2764 afflictionibus
992 2718 1043 2763 δέ
1055 2712 1261 2762 immensa
1282 2712 1558 2764 amaritudine
1579 2715 1624 2765 in
1639 2712 1719 2763 hac
1740 2715 1911 2767 mortali
1925 2718 2011 2766 vita
2030 2716 2236 2781 replevit,

2177 2792 2224 2830 Ut
