2315 3068
415 124 492 179 40
1051 101 1384 182 Confideratio
1467 109 1529 165 V.

116 211 232 255 Exod.
256 224 316 262 15,
414 199 550 249 Rubri
564 200 723 248 extitite
751 198 920 263 Sumpfit
932 215 1025 262 ergo
1047 203 1274 250 MARIA
1288 195 1528 266 Prophetiffa
1542 239 1552 254 ,
1573 203 1683 262 soror
1698 204 1870 254 Aaron,
1894 217 2117 271 tympanum
2139 211 2182 257 z'n

161 285 225 315 20.
414 284 532 314 manu
563 284 613 311 ua
626 302 635 318 ‚
671 267 890 326 egressaque
904 268 1000 327 sunt
1013 284 1143 313 omnes
1162 273 1339 315 mulieres
1355 269 1439 332 post
1453 287 1540 316 eam
1561 275 1651 318 &a

544 344 658 393 Vide
681 344 764 395 hic,
778 345 964 409 prudens
979 345 1519 414 Le&orl'mtiquiffimam
1534 349 1718 397 Mariani
1733 350 1940 398 Nominis
1962 353 2183 414 etymolo-
2222 398 2229 403 .

114 421 151 457 s.
176 417 346 465 Ambros,
414 413 540 475 giam.
610 411 713 456 Haec
729 409 931 458 MARIA
946 413 1086 476 Virgo
1099 447 1110 462 ,
1131 412 1329 461 subintrat
1341 412 1414 462 hic
1426 415 1486 462 D.
1503 415 1757 463 Ambrosius
1770 450 1779 465 ,
1810 414 1930 463 soror
1942 415 2116 479 Moysis
2132 424 2182 464 δέ

112 473 265 536 Εξῆοῐῑ.
291 474 337 512 ad
411 478 561 523 Aaron
576 510 584 524 ‚
610 488 740 539 typus
765 476 841 523 suit
855 479 1109 524 intemeratae
1123 479 1309 542 Virginis
1323 497 1371 526 ac
1385 479 1537 527 Matris
1553 481 1662 528 DEI
1676 479 1915 534 MARIAE,
1930 481 1997 528 illa
2011 481 2184 543 myrrha

113 532 222 584 virg.
409 543 533 588 maris
548 543 590 587 in
606 541 757 588 umbra
779 542 1030 595 vocabatur,
1046 549 1096 590 δέ
1111 543 1202 590 haec
1221 546 1264 591 in
1276 539 1449 591 veritate
1470 560 1555 593 erat
1568 545 1741 608 myrrha
1761 547 1886 592 maris
1901 548 2158 593 amariffima
2170 580 2181 596 .

117 619 152 649 1·
164 611 258 665 Reg.
279 623 297 647 2
309 621 342 655 5·
406 608 499 653 imo
514 624 628 652 mare
640 624 834 653 amarum
847 614 898 655 δέ
911 608 1086 671 pelagus
1100 610 1303 655 omnium
1324 608 1558 658 dolorum:
1580 618 1693 658 Sicut
1705 628 1843 656 nomen
1857 616 1948 671 ejus,
1954 613 2010 672 fic
2023 610 2072 658 (θ’
2086 613 2177 673 ipsa.

406 671 463 718 Et
484 672 578 718 licet
595 674 638 717 in
658 689 775 719 mare
798 671 956 720 diversa
970 672 1009 719 se
1028 672 1068 719 se
1089 672 1306 720 effundant
1321 678 1497 723 flumina
1511 711 1520 726 ‚
1556 694 1604 722 ac
1626 675 1803 739 de‘super
1817 676 2010 723 dulcibus
2030 678 2183 739 rigetur

408 737 503 784 coeli
518 737 697 801 pluviis,
731 755 846 786 mare
867 752 1008 785 tamen
1023 757 1217 785 amarum
1232 738 1489 803 perseverat,
1511 740 1626 789 unde
1640 742 1824 787 lemma:
1859 747 1938 787 Nil
1956 741 2007 788 de
2025 741 2179 801 salsedi-

405 819 453 849 ne
472 807 641 862 linquit:
674 805 729 849 ita
755 805 862 851 &in
883 822 999 850 mare
1024 806 1282 866 mysticum,
1307 804 1573 854 MARIAM
1596 844 1606 862 ,
1641 807 1840 872 quamvis
1863 806 2012 853 omrffla
2038 808 2180 852 flumi-

108 873 147 910 S.
165 875 306 910 Bonav.
402 885 458 914 na
471 902 480 917 ‚
506 866 547 913 id
564 871 636 916 est,
651 872 754 914 teste
767 869 806 915 S.
821 870 1139 919 Bonaventura‚
1154 873 1295 934 gratiae
1309 876 1360 918 δέ
1376 871 1672 920 charismatum
1689 871 1805 919 dona
1831 873 1980 918 intrare
1994 870 2156 918 soleant
2169 905 2180 920 .

112 925 266 966 delaud.
283 926 385 982 V'i‘g·
405 932 462 980 nil
483 946 624 979 tamen
647 933 736 980 hoc
750 952 890 981 amare
912 934 1150 999 quidquam
1171 935 1224 981 de
1237 933 1432 983 salsedine
1446 937 1604 1002 perdit,
1640 937 1707 983 sed
1725 955 1840 983 mare
1863 955 2056 983 amarum
2080 953 2180 1000 per-

111 995 180 1033 cap
217 997 257 1028 7·
405 1010 573 1045 manet:
607 1004 721 1045 Sicut
735 1004 855 1048 nulla,
867 1002 921 1046 ait
941 1000 1178 1046 Hadrianus
1192 999 1367 1063 Lyraeus
1383 1037 1392 1051 ,
1428 1009 1469 1050 in
1485 1010 1586 1050 mari
1595 1019 1715 1065 gutta
1731 1002 1804 1062 est,
1831 1019 1913 1062 quaa
1938 1019 2076 1048 amara
2099 1019 2178 1047 non

109 1038 328 1132 ffla-‘gisgyr‘
398 1065 473 1124 fit,
501 1065 556 1123 fic
576 1068 724 1109 nullum
744 1069 953 1112 Mariana
980 1071 1068 1112 vita
1094 1080 1333 1112 momentum
1360 1102 1369 1116 ,
1432 1069 1540 1129 quod
1559 1074 1816 1131 plurimarum
1843 1066 2096 1126 afflietionum
2126 1065 2175 1113 όν

107 1150 220 1189 pausa
246 1107 313 1196 9:50
404 1146 663 1176 aerumnarum
684 1146 761 1175 non
775 1131 915 1175 imbuit
934 1129 1177 1176 amaritudo.
1248 1131 1302 1176 Et
1327 1131 1415 1179 hoc
1429 1136 1632 1197 fignificat
1655 1134 1725 1180 SS.
1748 1133 1933 1179 Nomen
1948 1131 2174 1177 MARIA.

403 1197 522 1256 cujus
536 1196 567 1240 fi
582 1195 668 1239 veri
691 1193 761 1240 filii
777 1211 825 1241 ac
838 1194 1006 1245 clientes
1033 1197 1112 1242 effe
1136 1194 1409 1260 discupimus,
1424 1201 1512 1248 fine
1525 1201 1655 1246 animi
1670 1196 1946 1245 amaritudine
1967 1195 2178 1244 recordari

404 1276 499 1307 non
521 1261 762 1324 poffumusi

535 1364 578 1413 7.
612 1351 752 1398 Habet
765 1364 908 1398 autem
922 1350 1009 1398 hoc
1024 1350 1268 1397 admirabile
1281 1356 1332 1398 δέ
1344 1349 1581 1414 glor-Iosum
1596 1352 1779 1399 Nomen
1794 1353 1987 1412 quinque
1999 1349 2149 1396 litteras
2165 1382 2177 1400 ‚

407 1414 554 1479 dignas
579 1451 588 1464 ‚
624 1417 850 1463 utanobis
871 1416 1089 1463 intelledlv
1115 1418 1338 1462 attenti0re
1362 1414 1707 1463 considerentur(
1802 1415 1875 1462 De
1889 1413 2062 1462 Davide
2081 1428 2174 1460 tum

405 1480 548 1527 adhuc
567 1498 704 1544 puero
721 1484 942 1544 pastoritio
967 1481 1178 1527 recensent
1193 1481 1364 1544 Regum
1382 1480 1486 1530 libri,
1501 1480 1623 1546 quod
1649 1493 1798 1527 contra
1814 1480 1992 1527 Goliam
2006 1495 2174 1544 pugna-

404 1557 521 1592 turus
549 1547 741 1611 quinque
763 1545 1087 1610 limpidissimos
1112 1545 1272 1609 lapides
1297 1544 1350 1593 de
1372 1559 1557 1593 torrente
1583 1546 1748 1609 elegerit
1773 1580 1783 1595 ‚
1820 1562 2012 1609 quorum
2037 1561 2173 1590 unum

403 1609 552 1657 fundae
566 1609 783 1674 imposuit,
795 1614 837 1657 in
858 1629 950 1675 quo
964 1628 1129 1658 nomen
1150 1611 1271 1676 Josue
1285 1611 1386 1674 (per
1400 1629 1672 1675 anagramma
1687 1611 1733 1658 O
1745 1611 1917 1672 JESU]
1933 1622 2016 1656 erat
2030 1625 2172 1655 exara-

401 1688 497 1722 tum
510 1712 519 1729 ,
555 1678 598 1721 in
614 1680 730 1739 cujus
745 1677 814 1723 SS.
835 1677 1041 1723 Nominis
1055 1678 1209 1722 virtute
1233 1678 1448 1739 gigantem
1471 1678 1701 1740 prostravit
1715 1711 1725 1726 ,
1760 1678 2032 1739 &infignem
2050 1672 2102 1720 ab
2117 1689 2170 1719 eo

108 1745 147 1781 Ἰ·
165 1740 262 1792 Reg·
288 1750 350 1784 17,
400 1743 635 1804 reportavit
649 1740 905 1789 vi&oriam:
942 1748 996 1787 Et
1007 1742 1107 1801 misit
1123 1758 1282 1787 manum
1295 1741 1412 1801 suam
1433 1747 1473 1787 in
1480 1758 1630 1804 peram,
1645 1747 1810 1803 tulitque
1829 1758 1950 1787 unum
1970 1738 2142 1802 lapidem
2159 1772 2170 1786 .

161 1807 214 1837 4⁹
404 1805 454 1853 Θ
466 1803 601 1867 sundri
607 1811 705 1866 jecit
716 1840 726 1855 ,
743 1806 792 1854 &³
805 1805 1094 1853 circumducens
1107 1802 1290 1867 percufflt
1302 1806 1569 1864 Philisthaeum
1583 1812 1624 1852 in
1633 1808 1771 1867 fronte
1786 1828 1793 1852 :
1830 1806 1880 1854 (ῤ’
1892 1806 2034 1866 infixus
2049 1803 2101 1865 est
2114 1808 2169 1849 la-

397 1876 457 1934 pis
469 1875 509 1916 in
515 1872 653 1931 fronte
674 1876 754 1930 ejus
769 1906 779 1923 ,
818 1873 866 1919 &
886 1871 1028 1917 cecidit
1046 1873 1239 1931 infaciem
1252 1871 1369 1930 suam
1384 1872 1500 1932 super
1515 1886 1659 1917 terram
1675 1878 1765 1919 &c.
1834 1872 1902 1918 En
1924 1869 2172 1935 perelegan-

399 1949 489 1982 tem
502 1948 659 1998 typum
671 1935 742 1981 SS.
755 1936 962 1983 Nominis
975 1935 1123 1995 JESU
1135 1942 1186 1983 <36
1201 1937 1409 2001 anque
1427 1937 1498 1983 SS.
1512 1936 1756 1983 Vulnerum
1770 1941 1856 1999 ejus
1870 1971 1879 1986 ‚
1906 1934 2020 1982 unde
2034 1932 2168 1980 rursus

103 2009 138 2046 s.
162 2011 302 2049 Bonav.
394 2001 436 2048 S.
453 2000 786 2047 Bonaventuraz
828 2006 940 2047 Sicut
958 2000 1135 2060 Christus,
1150 2003 1226 2049 ait,
1249 2005 1417 2061 quinque
1446 2004 1676 2049 Vulneribus
1691 2002 1771 2061 suis
1796 2005 1962 2047 contulit
1978 1996 2094 2061 plane
2113 2016 2170 2044 re·

105 2063 147 2124 in
167 2066 269 2112 Spec.
394 2064 528 2113 media
541 2063 690 2111 mundo
705 2082 717 2113 ‚·
724 2066 775 2122 fic
785 2068 894 2113 MA
903 2066 1012 2112 RIA
1030 2062 1344 2125 suofizndtiffimo
1357 2072 1534 2113 Nomine
1546 2068 1697 2124 confert
1709 2065 1886 2127 quotidie
1901 2065 2167 2127 peccatoribus

98 2120 205 2172 'vug'
227 2133 308 2172 ‘³³P·
326 2130 359 2162 ¹·
394 2135 549 2179 veniam
568 2134 609 2176 in
620 2132 693 2174 hoc
705 2131 876 2176 mundo:
913 2129 1094 2193 intellige
1115 2147 1192 2194 per
1205 2132 1550 2193 potentissimam
1564 2130 1681 2178 suam
1695 2132 2056 2183 interceffionem,
2071 2130 2170 2194 quia

394 2199 670 2265 Medimni,
707 2198 948 2280 Aditur-iic,
985 2201 1268 2278 Reparatrix,
1304 2197 1622 2272 luminatrix,
1655 2200 1974 2266 &Advocata
1994 2214 2079 2262 est.
2113 2213 2168 2258 ita

395 2307 466 2355 SS.
479 2309 660 2356 Nomen
677 2311 763 2372 ejus
795 2289 1106 2358 MARIA.

100 2410 332 2451 minnela·
519 2401 593 2449 De
613 2400 843 2448 fortiffima
855 2397 1000 2458 Judith
1019 2410 1370 2446 commemorant
1384 2396 1610 2446 Sacrarum
1634 2400 1861 2447 litterarum
1886 2402 2137 2467 Interpretes
2156 2438 2167 2458 ,

98 2479 162 2505 xus
179 2469 217 2504 in
243 2465 340 2507 hunc
395 2465 517 2529 quod
535 2468 725 2531 quinque
747 2465 939 2529 pretiosis
954 2465 1155 2528 gemmis,
1174 2482 1278 2529 quas
1301 2466 1343 2510 in
1357 2463 1559 2511 Sandaliis
1582 2463 1660 2511 suis
1676 2465 1984 2516 collocaverat,
2016 2467 2163 2514 Holo-

101 2523 179 2565 loc,
201 2525 294 2561 Pao-
395 2530 520 2576 fernis
535 2533 727 2577 animum
749 2529 1063 2577 obcoecaverit‚
1097 2540 1225 2592 atque
1246 2531 1289 2575 in
1309 2528 1575 2577 suiamorem
1597 2533 1826 2577 attraxerit:
1860 2532 2058 2578 Sandalia
2082 2537 2159 2591 ejus

96 2578 224 2616 letti&
243 2582 318 2617 alii.

98 2633 237 2683 Judizh.
265 2643 323 2679 16,

158 2702 202 2729 11

393 2610 606 2656 rapuerunt
622 2601 749 2642 oculos
765 2601 842 2655 ejas
862 2600 951 2641 &a
1020 2592 1120 2640 Plus
1146 2596 1308 2640 virtutis
1331 2595 1374 2640 in
1394 2595 1592 2648 Nomine
1606 2593 1844 2644 MARIAE,
1860 2597 2033 2660 singulae
2047 2599 2160 2642 enim

394 2659 534 2704 litterae
558 2660 750 2723 pretiosae
772 2658 865 2707 sunt
895 2676 1080 2723 gemmae
1100 2691 1112 2709 .
1149 2658 1305 2724 quibus
1337 2661 1490 2709 animae
1517 2673 1598 2709 tuae
1620 2658 1766 2710 hostes
1788 2665 1949 2726 poteris
1976 2661 2161 2708 debella·

390 2739 448 2776 re,
463 2729 550 2774 &a

1957 2789 2027 2852 M·
2044 2786 2160 2851 Mar:
