2315 3068
64 1172 166 1207 lew.
193 1170 285 1204 Car-

378 151 495 231 486
970 147 1301 226 (bnfidcratto
1378 149 1613 209 LXVIII.

529 262 571 305 3.
603 239 823 292 Caeterhm
843 243 946 289 varii
963 245 1075 291 varia
1096 245 1139 288 in
1161 241 1238 290 suis
1255 242 1416 306 clypeis
1431 261 1478 293 ac
1491 245 1615 308 fignis
1633 241 1843 307 gentilitiis
1859 241 2065 290 volebant
2078 247 2178 309 pinss

374 314 418 377 gi
433 349 442 366 ,
457 329 505 359 ac
530 308 942 372 insculpiSymbola.
1010 308 1294 355 Wenceslaus
1310 309 1551 371 Imperator
1572 311 1614 356 in
1636 308 1755 356 scuto
1780 307 1856 355 suo
1879 310 2026 357 navim
2048 309 2177 358 incidi

376 378 539 426 voluit,
578 391 679 422 cum
701 374 926 421 Lemmate
948 393 958 421 ε
1002 381 1134 422 Ventis
1153 372 1384 434 parendum.
1446 375 1559 423 Otto
1580 372 1931 436 Wittelspachius
1957 373 2072 438 apud
2087 374 2181 423 Lu·

2235 0 2255 20 Γ*

2248 0 2315 73 a*

2254 53 2266 71 ⁴.
2289 53 2310 67 ,1,

2273 77 2285 93 ‚⁸

2293 151 2306 173 ἠ

2261 397 2287 409 ,ο

369 446 490 491 kium
513 443 692 506 Equum
706 442 964 497 Troianum,
982 457 1081 486 cum
1103 440 1328 502 inscripto:
1362 439 1631 487 Audendum.
1698 438 1942 486 Alexander
1956 439 2008 485 de
2026 439 2176 488 Medi·
2240 461 2242 465 ¹

366 513 423 557 cis
440 510 603 573 primus
626 507 830 553 Hetruriae
856 506 962 552 Dux
985 504 1326 553 Rhinocerotem
1342 540 1352 557 ‚
1397 522 1496 551 cum
1519 505 1766 569 Epigrapha
1790 526 1800 551 ε
1838 511 1941 551 Non
1965 505 2084 553 redeo
2103 507 2175 566 nist

367 580 493 623 vic‘tor
515 609 524 623 ,
559 571 786 619 Stanislaus
809 572 991 618 Hoffius
1006 571 1245 617 venationis
1274 587 1420 616 amans
1439 604 1450 620 .
1505 584 1759 617 venatorem
1784 571 1969 617 humeris
1993 588 2172 619 cervum
2209 586 2212 589 ⁴

365 651 626 705 portantem,
642 655 742 684 cum
757 635 1004 685 Lemniam:
1041 644 1146 683 Onus
1169 653 1297 682 meum
1315 640 1412 684 leve.
1482 636 1696 699 Olympia
1709 636 1871 683 Urfina
1893 638 1936 681 in
1957 636 2077 683 scuto
2091 635 2168 686 suo
2194 676 2198 678 -

364 711 590 754 flammam
613 701 854 749 adumbrari
876 702 1016 749 voluit
1036 704 1343 755 acuminatam,
1377 703 1443 760 cui
1469 701 1695 766 inscripsit:
1731 708 1955 761 Nunquam
1977 701 2168 762 deorficm.

359 774 413 820 In
437 770 555 818 scuto
572 767 945 815 Lacedaernonum
964 780 1046 814 erat
1073 780 1314 814 exaratum:
1350 767 1445 814 Aut
1469 772 1509 814 in
1531 770 1622 817 hoc,
1648 781 1720 813 aut
1741 783 1829 813 cum
1848 769 1933 813 hoc.
2001 769 2052 813 In
2076 765 2170 814 scu-

361 852 409 886 to
425 835 611 900 Myrtili:
647 836 866 881 Auxilium
880 851 1087 894 nunquam
1107 832 1299 892 deficiens.
1369 835 1524 891 Veneti
1539 836 1581 880 in
1597 833 1756 896 clvpeo
1772 832 1846 879 suo
1863 850 2012 879 canem
2028 850 2169 897 quon·

363 903 463 951 dam
481 899 786 966 praesentabant
807 902 1053 946 acuminato
1076 912 1230 964 torque
1251 914 1461 944 armatum
1477 935 1486 952 ‚
1513 917 1613 946 cum
1629 898 1876 945 Lemmate:
1912 904 2101 947 Saucia,
2117 898 2165 946 ὀ

359 968 554 1032 defendit.
624 966 790 1013 Comes
813 964 1154 1029 Abenspergicus
1179 1001 1189 1018 ,
1224 964 1295 1012 ubi
1320 964 1569 1011 Ratistnae
1594 963 1764 1011 Caesaris
1790 963 1946 1010 militiae
1969 970 2019 1011 δέ
2042 962 2169 1010 obse·
2240 956 2263 988 ⁴²

363 1037 468 1100 quio
484 1033 597 1080 duos
613 1038 664 1079 86
687 1032 852 1094 triginta
868 1030 981 1078 filios
1002 1031 1207 1084 donavit,
1234 1047 1317 1094 pro
1339 1030 1559 1085 Symbolo
1582 1030 1768 1095 aquilam
1790 1047 1889 1076 cum
1916 1029 2043 1093 pullis
2060 1028 2166 1084 suis,

360 1101 496 1150 solem
517 1097 772 1146 Intuentibus
788 1131 798 1145 ,
829 1096 1071 1143 adumbrari
1089 1098 1229 1162 juffit‚
1248 1114 1349 1143 cum
1364 1095 1615 1143 Lemmate:
1666 1095 1818 1142 Fideles
1842 1112 1992 1147 omnes,
2002 1112 2166 1156 genero·

352 1169 391 1229 fi
407 1184 549 1213 omnes.
652 1163 842 1210 Romani
865 1166 1099 1209 etiamnum
1120 1161 1252 1209 hodie
1264 1163 1309 1209 in
1332 1160 1452 1223 scuto
1477 1161 1553 1210 suo
1580 1161 1785 1226 gentilitio
1808 1161 1883 1206 has
1900 1173 2086 1225 quatuor
2103 1174 2165 1207 te·

61 1225 210 1280 ⁸b³g·&
228 1222 305 1262 ΕΜ·
358 1247 459 1281 nent
478 1232 654 1278 litteras:
691 1229 731 1274 S.
747 1229 792 1275 P.
810 1229 935 1289 QR.
963 1229 1190 1292 Originem
1213 1227 1338 1289 hujus
1363 1227 1643 1274 Emblematis
1669 1245 1718 1273 ex
1733 1229 1903 1287 Joanne
1927 1226 2163 1290 Carthage-

53 2290 178 2336 Getes.
211 2300 271 2331 19.

98 2363 143 2395 25

50 2411 195 2448 Gen.7.
223 2412 266 2445 23

47 2468 162 2503 Num.
195 2470 256 2500 ²4·
281 2462 297 2492 8
344 2480 397 2526 de
420 2477 535 2525 reCFe
557 2474 757 2523 Balaam:
797 2478 907 2533 Cujus
923 2472 1127 2532 fortitudo
1143 2471 1279 2531 similis
1300 2470 1353 2531 est
1374 2477 1641 2517 Rhinocerotis
1665 2505 1675 2522 ‚
1710 2472 1832 2536 quod
1856 2472 2141 2519 fortiffimum
2203 2466 2239 2522 ‘f
2286 2501 2288 2514 i

45 2617 195 2653 Denter.
223 2620 283 2657 33-

89 2681 135 2715 ¹7

355 1317 410 1347 na
432 1300 578 1361 accipe
613 1316 624 1342 ε
685 1294 848 1344 Sabini,
874 1312 977 1357 gens
1000 1293 1201 1358 generosa
1224 1300 1274 1340 δέ
1299 1292 1414 1339 bello
1439 1297 1589 1340 assueta
1604 1327 1614 1342 ‚
1648 1311 1746 1339 cum
1766 1305 1915 1340 contra
1930 1292 2163 1347 Romanos

357 1359 822 1438 cruentumquondam
838 1360 1000 1407 bellum
1025 1373 1226 1424 gererent,
1240 1361 1280 1406 in
1302 1357 1423 1406 scutiS
1437 1377 1485 1406 ac
1507 1358 1671 1406 vexillis
1693 1358 1772 1406 suis
1794 1358 1868 1405 has
1892 1358 2159 1423 quatuorlit-

356 1445 461 1479 teras
475 1431 616 1493 pingi,
652 1434 701 1474 <36
720 1424 898 1490 insculpi
913 1425 1166 1473 voluerunt:
1201 1423 1242 1472 S.
1258 1425 1305 1473 P.
1321 1424 1448 1484 QR.
1465 1423 1586 1490 quod
1611 1423 1725 1471 idern
1740 1428 1828 1471 est:
1857 1426 2005 1470 Sabino
2028 1430 2160 1486 Popu·
2230 1404 2282 1493 Ji,

357 1503 397 1548 lo
421 1502 516 1558 Qis
538 1492 728 1553 Refistet?
762 1491 917 1555 quibus
933 1509 984 1538 ex
1003 1491 1125 1538 altera
1145 1504 1263 1555 parte
1277 1491 1466 1538 Romani
1489 1489 1539 1537 ad
1565 1490 1725 1537 bellum
1749 1491 1981 1554 provocati
1997 1489 2158 1536 eisdem

356 1562 497 1610 verbis
522 1561 565 1605 in
587 1557 749 1606 vexillis
765 1563 814 1603 δέ
839 1556 1000 1619 clypeis
1021 1555 1100 1602 suis
1125 1555 1639 1619 exaratis‚respondebant
1661 1575 1671 1600 ε
1706 1555 1746 1601 S.
1763 1556 1808 1602 P.
1823 1555 1942 1614 QR.
1961 1555 2050 1602 hoc
2070 1559 2156 1602 est:

356 1636 526 1675 Senarus
548 1628 721 1686 Populus
744 1627 832 1684 Qte
857 1628 1067 1668 Romanus.
1149 1620 1213 1667 Fit
1239 1638 1407 1684 pugna,
1431 1622 1609 1667 vincunt
1634 1620 1849 1671 Romani,
1881 1619 2154 1684 subjugantur

354 1693 497 1741 Sabini
523 1727 533 1744 ,
568 1696 618 1737 δέ
642 1701 686 1735 ut
708 1699 960 1752 perpetuam
984 1686 1087 1741 dieti
1111 1687 1298 1733 Romani
1320 1703 1372 1732 ex
1395 1685 1474 1732 hac
1500 1698 1617 1749 parta
1643 1687 1794 1749 insigni
1813 1687 2000 1734 vi&or·ia
2020 1686 2154 1733 habe-

355 1771 445 1806 rent
472 1757 751 1804 memoriam,
785 1750 994 1816 ejusmodi
1019 1762 1205 1817 quatuor
1223 1750 1374 1797 litteras
1393 1751 1434 1797 S.
1459 1752 1504 1798 Ρ.
1529 1750 1664 1808 QR.
1689 1752 1730 1798 in
1748 1751 1825 1799 suo
1842 1751 1963 1800 scuto
1988 1752 2156 1815 gentili,

352 1827 413 1873 tio
429 1827 471 1871 in
488 1819 712 1886 Capitolio
727 1825 778 1866 δέ
791 1819 950 1882 paffim
965 1816 1088 1881 super
1100 1815 1362 1881 palatiorum
1377 1828 1521 1880 portas
1537 1816 1677 1868 adhuc
1702 1816 1834 1864 hodie
1855 1817 2126 1865 conservant:

502 1889 661 1934 Anima
675 1884 935 1931 Christiana!
972 1882 1044 1930 hic
1067 1896 1251 1946 rogote,
1276 1881 1446 1928 subfiste
1460 1882 1689 1946 paulisper,
1726 1889 1776 1930 Sc
1794 1886 2014 1931 attentiore
2028 1901 2152 1930 men-

352 1969 395 2003 te
411 1955 503 2002 haec
526 1950 736 1999 moderna
757 1967 805 1996 ac
830 1949 959 1995 ferrea
984 1962 1180 2012 tempora
1206 1946 1421 1995 considera
1448 1984 1457 2000 ‚
1519 1950 1561 1994 in
1583 1947 1738 2013 quibus
1759 1948 1819 1996 ob
1841 1948 2041 1995 demerita
2063 1968 2150 1997 no·

349 2026 432 2070 stra
456 2019 722 2083 &justissimo
750 2016 945 2077 Numine
965 2012 1138 2061 affiduis
1163 2015 1424 2060 conterimur
1446 2013 1586 2068 bellis;
1624 2020 1673 2060 <36
1694 2014 1890 2079 nunquid
1907 2015 2076 2062 DEUS
2090 2015 2148 2062 di·

347 2086 636 2134 stri&iffimus
651 2082 852 2128 scelerum
867 2079 1039 2126 Vindex
1057 2080 1098 2125 in
1113 2078 1231 2125 scuto
1248 2078 1613 2143 &vexillo,quod
1629 2093 1776 2126 contra
1793 2097 1876 2127 nos
1899 2082 2023 2128 erexit
2043 2099 2147 2129 mo-

349 2153 408 2199 do
427 2188 436 2206 ,
471 2151 544 2196 has
569 2161 754 2213 quatuor
774 2145 900 2192 nobis
919 2144 1086 2191 exhibet
1105 2144 1279 2190 litteras:
1315 2144 1353 2190 S.
1375 2145 1423 2192 P.
1449 2144 1586 2204 QR.
1611 2162 1716 2210 quas
1740 2147 1794 2191 ita
1815 2163 2022 2210 expono:
2057 2153 2143 2194 sce.

346 2223 429 2266 lera
454 2220 650 2263 Punituro
674 2218 768 2276 Qu
792 2210 982 2271 Refistet?
1018 2211 1127 2257 Non
1144 2209 1319 2272 Angeli,
1342 2227 1436 2257 non
1459 2209 1604 2256 Sancti
1619 2244 1630 2259 ,
1665 2227 1757 2257 non
1774 2212 1973 2258 mortales
1989 2217 2039 2259 ὃς
2056 2229 2145 2258 cre-

347 2298 473 2330 aturae
494 2295 661 2328 omnes.
730 2275 1004 2339 Pentapolim
1027 2274 1198 2322 consule
1215 2277 1312 2338 igne
1336 2275 1492 2321 coelesti
1514 2271 1781 2328 subversam,
1817 2276 2034 2323 mundum
2047 2279 2143 2324 uni·
2211 2272 2254 2334 -.‚*'·'
2274 2307 2277 2312 Α

345 2348 514 2396 versum
536 2362 608 2410 per
631 2341 932 2398 cataclysmum
953 2339 1212 2387 submersum
1236 2374 1245 2390 ‚
1286 2354 1413 2405 atque
1435 2341 1511 2386 alia
1535 2339 1727 2387 sexcenta
1754 2377 1764 2394 ,
1804 2343 1894 2389 imo
1920 2345 2143 2389 innumera
2187 2397 2193 2400 ,
2227 2377 2268 2407 „

345 2413 531 2477 flagella,
565 2409 718 2474 quibus
740 2400 938 2454 rebellem
964 2405 1176 2452 mundum
1191 2408 1314 2452 omni
1341 2421 1538 2469 tempore
1561 2409 1775 2470 castigavit
1798 2407 1844 2453 D
1859 2408 1896 2453 E
1911 2407 2025 2456 U&
2059 2424 2140 2454 un—

340 2563 389 2592 ac
412 2543 725 2590 ferocissimum
766 2538 919 2584 animal
947 2539 968 2583 a
997 2537 1119 2583 nullo
1164 2536 1396 2583 hominum
1423 2535 1590 2583 domari
1635 2571 1646 2586 .
1707 2552 1777 2584 aut
1803 2539 1928 2584 teneri
1959 2541 2106 2600 potest
2124 2556 2138 2585 ε

344 2618 501 2658 Cornua
525 2609 797 2654 Rhinocerotis
826 2619 975 2650 cornua
1000 2607 1091 2649 illius
1117 2637 1126 2652 ,
1170 2605 1210 2648 in
1231 2602 1314 2664 ipsis
1337 2603 1542 2650 ventilabit
1561 2617 1698 2664 gentes
1734 2619 1851 2664 usque
1873 2601 1930 2649 ad
1949 2607 2136 2649 termt'nos
2168 2624 2174 2626 ·
2224 2592 2269 2667 ³}

375 2692 458 2723 νηί.
1815 2717 1820 2720 .

334 2691 371 2724 te
485 2734 654 2783 Verinn
671 2733 872 2781 confidite
887 2767 896 2782 ,
922 2731 1107 2779 Clientes
1128 2731 1313 2778 Mariani
1337 2766 1347 2781 .
1396 2733 1622 2795 praesertim
1651 2733 1726 2795 qui
1748 2731 1951 2796 clypeum
1974 2731 2134 2782 salutis.

333 2801 641 2868 SS.Scapulare
663 2802 828 2865 gestatis
843 2834 853 2849 .
890 2795 1114 2847 confidite,
1135 2800 1311 2863 inquam
1327 2833 1337 2852 ,
1371 2815 1468 2845 ecce
1494 2797 1731 2846 beatiffima
1746 2799 1885 2862 Virgo
1911 2797 1962 2844 de
1981 2811 2134 2844 monte
2200 2806 2221 2865 ᾳ,

2026 2860 2131 2912 Car-'-
