<?xml version="1.0" encoding="UTF-8"?>
<!DOCTYPE html PUBLIC "-//W3C//DTD XHTML 1.0 Transitional//EN"
    "http://www.w3.org/TR/xhtml1/DTD/xhtml1-transitional.dtd">
<html xmlns="http://www.w3.org/1999/xhtml" xml:lang="en" lang="en">
 <head>
  <title>
</title>
<meta http-equiv="Content-Type" content="text/html;charset=utf-8" />
  <meta name='ocr-system' content='tesseract 3.04.00' />
  <meta name='ocr-capabilities' content='ocr_page ocr_carea ocr_par ocr_line ocrx_word'/>
</head>
<body>
  <div class='ocr_page' id='page_1' title='image "./amorisetdolorisq00gint_0171.png"; bbox 0 0 2315 3068; ppageno 0'>
   <div class='ocr_carea' id='block_1_1' title="bbox 407 128 1832 211">
    <p class='ocr_par' dir='ltr' id='par_1_1' title="bbox 407 128 1832 211">
     <span class='ocr_line' id='line_1_1' title="bbox 407 128 1832 211; baseline -0.001 -19"><span class='ocrx_word' id='word_1_1' title='bbox 407 131 489 206; x_wconf 81' lang='lat' dir='ltr'>De</span> <span class='ocrx_word' id='word_1_2' title='bbox 508 133 675 192; x_wconf 81' lang='lat' dir='ltr'>dolore</span> <span class='ocrx_word' id='word_1_3' title='bbox 698 133 753 191; x_wconf 88' lang='grc' dir='ltr'>Β.</span> <span class='ocrx_word' id='word_1_4' title='bbox 770 131 999 211; x_wconf 63' lang='lat' dir='ltr'>Virginis</span> <span class='ocrx_word' id='word_1_5' title='bbox 1022 130 1077 189; x_wconf 76' lang='lat' dir='ltr'>in</span> <span class='ocrx_word' id='word_1_6' title='bbox 1101 130 1341 211; x_wconf 65' lang='lat' dir='ltr'>amf‘ffione</span> <span class='ocrx_word' id='word_1_7' title='bbox 1359 128 1490 190; x_wconf 84' lang='lat' dir='ltr'><em>Filii.</em></span> <span class='ocrx_word' id='word_1_8' title='bbox 1715 142 1832 206; x_wconf 79' lang='lat'>143&#39;</span> 
     </span>
    </p>
   </div>
   <div class='ocr_carea' id='block_1_2' title="bbox 0 226 1821 560">
    <p class='ocr_par' dir='ltr' id='par_1_2' title="bbox 0 226 1821 298">
     <span class='ocr_line' id='line_1_2' title="bbox 0 226 1821 298; baseline -0.008 -12"><span class='ocrx_word' id='word_1_9' title='bbox 0 266 2 271; x_wconf 62' lang='lat'>&gt;</span> <span class='ocrx_word' id='word_1_10' title='bbox 57 236 281 298; x_wconf 76' lang='lat' dir='ltr'>consolatio,</span> <span class='ocrx_word' id='word_1_11' title='bbox 296 247 339 280; x_wconf 78' lang='lat' dir='ltr'>ut</span> <span class='ocrx_word' id='word_1_12' title='bbox 360 229 531 293; x_wconf 83' lang='lat' dir='ltr'>affligens</span> <span class='ocrx_word' id='word_1_13' title='bbox 551 248 612 276; x_wconf 87' lang='lat' dir='ltr'>me</span> <span class='ocrx_word' id='word_1_14' title='bbox 626 229 763 277; x_wconf 80' lang='lat' dir='ltr'>dolore</span> <span class='ocrx_word' id='word_1_15' title='bbox 777 247 856 276; x_wconf 84' lang='lat' dir='ltr'>non</span> <span class='ocrx_word' id='word_1_16' title='bbox 874 244 1036 291; x_wconf 60' lang='lat' dir='ltr'>parcan</span> <span class='ocrx_word' id='word_1_17' title='bbox 1070 228 1111 275; x_wconf 80' lang='lat' dir='ltr'>Si</span> <span class='ocrx_word' id='word_1_18' title='bbox 1134 228 1248 275; x_wconf 88' lang='lat' dir='ltr'>illam</span> <span class='ocrx_word' id='word_1_19' title='bbox 1269 246 1397 278; x_wconf 73' lang='lat' dir='ltr'>amas,</span> <span class='ocrx_word' id='word_1_20' title='bbox 1413 227 1442 274; x_wconf 80' lang='grc' dir='ltr'><em>ὃ</em></span> <span class='ocrx_word' id='word_1_21' title='bbox 1456 229 1514 274; x_wconf 89' lang='lat' dir='ltr'>mi</span> <span class='ocrx_word' id='word_1_22' title='bbox 1534 227 1742 279; x_wconf 71' lang='lat' dir='ltr'>Salvator,</span> <span class='ocrx_word' id='word_1_23' title='bbox 1755 226 1821 272; x_wconf 83' lang='lat' dir='ltr'>su-</span> 
     </span>
    </p>

    <p class='ocr_par' dir='ltr' id='par_1_3' title="bbox 57 293 1820 423">
     <span class='ocr_line' id='line_1_3' title="bbox 59 293 1820 367; baseline -0.006 -18"><span class='ocrx_word' id='word_1_24' title='bbox 59 319 132 367; x_wconf 86' lang='lat' dir='ltr'>per</span> <span class='ocrx_word' id='word_1_25' title='bbox 153 303 301 348; x_wconf 87' lang='lat' dir='ltr'>omnia</span> <span class='ocrx_word' id='word_1_26' title='bbox 319 310 448 344; x_wconf 87' lang='lat' dir='ltr'>creata</span> <span class='ocrx_word' id='word_1_27' title='bbox 462 295 598 344; x_wconf 76' lang='lat' dir='ltr'>simul,</span> <span class='ocrx_word' id='word_1_28' title='bbox 613 313 742 360; x_wconf 89' lang='lat' dir='ltr'>quare</span> <span class='ocrx_word' id='word_1_29' title='bbox 756 312 857 358; x_wconf 84' lang='lat' dir='ltr'>ergo</span> <span class='ocrx_word' id='word_1_30' title='bbox 873 313 967 341; x_wconf 88' lang='lat' dir='ltr'>eam</span> <span class='ocrx_word' id='word_1_31' title='bbox 981 308 1067 340; x_wconf 81' lang='lat' dir='ltr'>tam</span> <span class='ocrx_word' id='word_1_32' title='bbox 1082 293 1184 341; x_wconf 83' lang='lat' dir='ltr'>dur&#39;e</span> <span class='ocrx_word' id='word_1_33' title='bbox 1200 296 1370 358; x_wconf 81' lang='lat' dir='ltr'>castigas</span> <span class='ocrx_word' id='word_1_34' title='bbox 1384 304 1403 341; x_wconf 85' lang='lat'><strong><em>?</em></strong></span> <span class='ocrx_word' id='word_1_35' title='bbox 1438 293 1491 340; x_wconf 87' lang='lat' dir='ltr'>Et</span> <span class='ocrx_word' id='word_1_36' title='bbox 1505 293 1689 341; x_wconf 83' lang='lat' dir='ltr'>hoccine</span> <span class='ocrx_word' id='word_1_37' title='bbox 1703 309 1820 339; x_wconf 85' lang='lat' dir='ltr'>ama-</span> 
     </span>
     <span class='ocr_line' id='line_1_4' title="bbox 57 360 961 423; baseline -0.013 -8"><span class='ocrx_word' id='word_1_38' title='bbox 57 386 100 419; x_wconf 78' lang='lat' dir='ltr'>re</span> <span class='ocrx_word' id='word_1_39' title='bbox 122 369 182 414; x_wconf 89' lang='lat' dir='ltr'>est</span> <span class='ocrx_word' id='word_1_40' title='bbox 195 400 205 416; x_wconf 90' lang='lat'><strong>‚</strong></span> <span class='ocrx_word' id='word_1_41' title='bbox 221 365 251 411; x_wconf 75' lang='grc' dir='ltr'><em>ὃ</em></span> <span class='ocrx_word' id='word_1_42' title='bbox 269 360 500 423; x_wconf 82' lang='lat' dir='ltr'>mi.JESU!</span> <span class='ocrx_word' id='word_1_43' title='bbox 537 360 728 421; x_wconf 81' lang='lat' dir='ltr'>castigare</span> <span class='ocrx_word' id='word_1_44' title='bbox 742 360 790 407; x_wconf 62' lang='grc' dir='ltr'>ὠ*</span> <span class='ocrx_word' id='word_1_45' title='bbox 805 369 961 406; x_wconf 72' lang='lat' dir='ltr'>amare?</span> 
     </span>
    </p>

    <p class='ocr_par' dir='ltr' id='par_1_4' title="bbox 185 422 1819 491">
     <span class='ocr_line' id='line_1_5' title="bbox 185 422 1819 491; baseline -0.006 -14"><span class='ocrx_word' id='word_1_46' title='bbox 185 431 287 477; x_wconf 81' lang='lat' dir='ltr'>Siste</span> <span class='ocrx_word' id='word_1_47' title='bbox 299 426 506 491; x_wconf 83' lang='lat' dir='ltr'>judicium</span> <span class='ocrx_word' id='word_1_48' title='bbox 528 439 674 473; x_wconf 88' lang='lat' dir='ltr'>tuum,</span> <span class='ocrx_word' id='word_1_49' title='bbox 714 427 854 471; x_wconf 87' lang='lat' dir='ltr'>anime</span> <span class='ocrx_word' id='word_1_50' title='bbox 880 427 960 478; x_wconf 87' lang='lat' dir='ltr'>mi,</span> <span class='ocrx_word' id='word_1_51' title='bbox 984 429 1033 471; x_wconf 70' lang='grc' dir='ltr'>δέ</span> <span class='ocrx_word' id='word_1_52' title='bbox 1057 436 1173 471; x_wconf 86' lang='lat' dir='ltr'>tuam</span> <span class='ocrx_word' id='word_1_53' title='bbox 1190 422 1398 487; x_wconf 80' lang='lat' dir='ltr'>paulisper</span> <span class='ocrx_word' id='word_1_54' title='bbox 1420 422 1537 468; x_wconf 70' lang='lat' dir='ltr'>dJffer</span> <span class='ocrx_word' id='word_1_55' title='bbox 1561 422 1819 469; x_wconf 80' lang='lat' dir='ltr'>sententiam.</span> 
     </span>
    </p>

    <p class='ocr_par' dir='ltr' id='par_1_5' title="bbox 60 485 1821 560">
     <span class='ocr_line' id='line_1_6' title="bbox 60 485 1821 560; baseline -0.007 -16"><span class='ocrx_word' id='word_1_56' title='bbox 60 497 158 545; x_wconf 87' lang='lat' dir='ltr'>Dic,</span> <span class='ocrx_word' id='word_1_57' title='bbox 173 493 325 560; x_wconf 79' lang='lat' dir='ltr'>quaeso‚</span> <span class='ocrx_word' id='word_1_58' title='bbox 338 510 389 538; x_wconf 87' lang='lat' dir='ltr'>an</span> <span class='ocrx_word' id='word_1_59' title='bbox 402 507 493 538; x_wconf 91' lang='lat' dir='ltr'>non</span> <span class='ocrx_word' id='word_1_60' title='bbox 516 489 686 537; x_wconf 84' lang='lat' dir='ltr'>DEUS</span> <span class='ocrx_word' id='word_1_61' title='bbox 702 490 822 537; x_wconf 82' lang='lat' dir='ltr'>Pater</span> <span class='ocrx_word' id='word_1_62' title='bbox 845 489 968 553; x_wconf 90' lang='lat' dir='ltr'>super</span> <span class='ocrx_word' id='word_1_63' title='bbox 991 492 1139 536; x_wconf 80' lang='lat' dir='ltr'>omnia</span> <span class='ocrx_word' id='word_1_64' title='bbox 1151 489 1306 536; x_wconf 81' lang='lat' dir='ltr'>Filium</span> <span class='ocrx_word' id='word_1_65' title='bbox 1320 489 1441 535; x_wconf 91' lang='lat' dir='ltr'>suum</span> <span class='ocrx_word' id='word_1_66' title='bbox 1452 489 1742 551; x_wconf 83' lang='lat' dir='ltr'>Unigenitum</span> <span class='ocrx_word' id='word_1_67' title='bbox 1758 485 1821 532; x_wconf 82' lang='lat' dir='ltr'>di-</span> 
     </span>
    </p>
   </div>
   <div class='ocr_carea' id='block_1_3' title="bbox 3 551 2085 686">
    <p class='ocr_par' dir='ltr' id='par_1_6' title="bbox 3 551 2085 686">
     <span class='ocr_line' id='line_1_7' title="bbox 3 551 2077 616; baseline -0.007 -7"><span class='ocrx_word' id='word_1_68' title='bbox 3 561 6 566; x_wconf 41' lang='lat'><em>*</em></span> <span class='ocrx_word' id='word_1_69' title='bbox 62 562 188 609; x_wconf 80' lang='lat' dir='ltr'>lexit?</span> <span class='ocrx_word' id='word_1_70' title='bbox 215 556 331 605; x_wconf 82' lang='lat' dir='ltr'>Audi</span> <span class='ocrx_word' id='word_1_71' title='bbox 345 555 461 602; x_wconf 89' lang='lat' dir='ltr'>illum</span> <span class='ocrx_word' id='word_1_72' title='bbox 485 553 536 601; x_wconf 89' lang='lat' dir='ltr'>de</span> <span class='ocrx_word' id='word_1_73' title='bbox 551 554 663 601; x_wconf 77' lang='lat' dir='ltr'>coelo</span> <span class='ocrx_word' id='word_1_74' title='bbox 678 557 972 601; x_wconf 86' lang='lat' dir='ltr'>intonantem:</span> <span class='ocrx_word' id='word_1_75' title='bbox 1006 559 1085 600; x_wconf 80' lang='lat' dir='ltr'>Hic</span> <span class='ocrx_word' id='word_1_76' title='bbox 1100 554 1152 615; x_wconf 82' lang='lat' dir='ltr'>est</span> <span class='ocrx_word' id='word_1_77' title='bbox 1164 559 1277 601; x_wconf 81' lang='lat' dir='ltr'>Filius</span> <span class='ocrx_word' id='word_1_78' title='bbox 1289 572 1393 601; x_wconf 86' lang='lat' dir='ltr'>meus</span> <span class='ocrx_word' id='word_1_79' title='bbox 1407 553 1590 602; x_wconf 57' lang='lat' dir='ltr'>dileffuu</span> <span class='ocrx_word' id='word_1_80' title='bbox 1623 551 1691 598; x_wconf 91' lang='lat' dir='ltr'>sed</span> <span class='ocrx_word' id='word_1_81' title='bbox 1706 569 1821 616; x_wconf 85' lang='lat' dir='ltr'>quo·</span> <span class='ocrx_word' id='word_1_82' title='bbox 1840 557 1940 604; x_wconf 61' lang='lat' dir='ltr'>ioan.</span> <span class='ocrx_word' id='word_1_83' title='bbox 1971 570 2005 605; x_wconf 68' lang='grc' dir='ltr'>ς.</span> <span class='ocrx_word' id='word_1_84' title='bbox 2031 570 2077 604; x_wconf 88' lang='lat'>17</span> 
     </span>
     <span class='ocr_line' id='line_1_8' title="bbox 4 615 2085 686; baseline -0.004 -12"><span class='ocrx_word' id='word_1_85' title='bbox 4 627 6 642; x_wconf 71' lang='lat'>³</span> <span class='ocrx_word' id='word_1_86' title='bbox 61 623 201 674; x_wconf 86' lang='lat' dir='ltr'>modo</span> <span class='ocrx_word' id='word_1_87' title='bbox 227 629 276 670; x_wconf 69' lang='grc' dir='ltr'>δέ</span> <span class='ocrx_word' id='word_1_88' title='bbox 297 639 378 686; x_wconf 89' lang='lat' dir='ltr'>qua</span> <span class='ocrx_word' id='word_1_89' title='bbox 401 622 564 667; x_wconf 88' lang='lat' dir='ltr'>ratione</span> <span class='ocrx_word' id='word_1_90' title='bbox 590 618 805 667; x_wconf 53' lang='lat' dir='ltr'>dilectus?</span> <span class='ocrx_word' id='word_1_91' title='bbox 839 619 955 666; x_wconf 79' lang='lat' dir='ltr'>Audi</span> <span class='ocrx_word' id='word_1_92' title='bbox 985 619 1280 682; x_wconf 85' lang='lat' dir='ltr'>Apostolum:</span> <span class='ocrx_word' id='word_1_93' title='bbox 1322 618 1434 683; x_wconf 80' lang='lat' dir='ltr'>Qid</span> <span class='ocrx_word' id='word_1_94' title='bbox 1455 635 1546 680; x_wconf 83' lang='lat' dir='ltr'>ergo</span> <span class='ocrx_word' id='word_1_95' title='bbox 1570 617 1739 664; x_wconf 80' lang='lat' dir='ltr'><em>dicemus</em></span> <span class='ocrx_word' id='word_1_96' title='bbox 1762 615 1821 663; x_wconf 82' lang='lat' dir='ltr'>ad</span> <span class='ocrx_word' id='word_1_97' title='bbox 1844 629 1953 666; x_wconf 68' lang='lat' dir='ltr'>Rom.</span> <span class='ocrx_word' id='word_1_98' title='bbox 1979 633 2014 672; x_wconf 74' lang='lat'>8.</span> <span class='ocrx_word' id='word_1_99' title='bbox 2039 639 2085 673; x_wconf 86' lang='lat'>3¹</span> 
     </span>
    </p>
   </div>
   <div class='ocr_carea' id='block_1_4' title="bbox 62 682 1820 749">
    <p class='ocr_par' dir='ltr' id='par_1_7' title="bbox 62 682 1820 749">
     <span class='ocr_line' id='line_1_9' title="bbox 62 682 1820 749; baseline -0.006 -12"><span class='ocrx_word' id='word_1_100' title='bbox 62 695 157 737; x_wconf 78' lang='lat' dir='ltr'>hac?</span> <span class='ocrx_word' id='word_1_101' title='bbox 191 692 253 749; x_wconf 88' lang='lat' dir='ltr'>qui</span> <span class='ocrx_word' id='word_1_102' title='bbox 266 692 382 733; x_wconf 73' lang='lat' dir='ltr'>etiam</span> <span class='ocrx_word' id='word_1_103' title='bbox 392 691 549 747; x_wconf 78' lang='lat' dir='ltr'>proprio</span> <span class='ocrx_word' id='word_1_104' title='bbox 563 685 742 744; x_wconf 72' lang='lat' dir='ltr'>filiosuo</span> <span class='ocrx_word' id='word_1_105' title='bbox 757 702 834 730; x_wconf 87' lang='lat' dir='ltr'>non</span> <span class='ocrx_word' id='word_1_106' title='bbox 845 690 1024 746; x_wconf 77' lang='lat' dir='ltr'>pepercit,</span> <span class='ocrx_word' id='word_1_107' title='bbox 1031 683 1106 744; x_wconf 63' lang='lat' dir='ltr'>sed</span> <span class='ocrx_word' id='word_1_108' title='bbox 1115 700 1186 746; x_wconf 84' lang='lat' dir='ltr'>pro</span> <span class='ocrx_word' id='word_1_109' title='bbox 1199 687 1302 730; x_wconf 71' lang='lat' dir='ltr'><em>nobis</em></span> <span class='ocrx_word' id='word_1_110' title='bbox 1317 686 1491 731; x_wconf 78' lang='lat' dir='ltr'>omnihus</span> <span class='ocrx_word' id='word_1_111' title='bbox 1504 682 1679 730; x_wconf 79' lang='lat' dir='ltr'><em>tradidit</em></span> <span class='ocrx_word' id='word_1_112' title='bbox 1697 687 1820 728; x_wconf 84' lang='lat' dir='ltr'>illum.</span> 
     </span>
    </p>
   </div>
   <div class='ocr_carea' id='block_1_5' title="bbox 5 746 2094 817">
    <p class='ocr_par' dir='ltr' id='par_1_8' title="bbox 5 746 2094 817">
     <span class='ocr_line' id='line_1_10' title="bbox 5 746 2094 817; baseline -0.006 -16"><span class='ocrx_word' id='word_1_113' title='bbox 5 755 8 810; x_wconf 55' lang='grc' dir='ltr'>ᾼ</span> <span class='ocrx_word' id='word_1_114' title='bbox 63 755 177 817; x_wconf 86' lang='lat' dir='ltr'>Ergo</span> <span class='ocrx_word' id='word_1_115' title='bbox 199 753 286 798; x_wconf 90' lang='lat' dir='ltr'>hoc</span> <span class='ocrx_word' id='word_1_116' title='bbox 307 750 475 814; x_wconf 86' lang='lat' dir='ltr'>diligere</span> <span class='ocrx_word' id='word_1_117' title='bbox 491 754 576 796; x_wconf 88' lang='lat' dir='ltr'>est:</span> <span class='ocrx_word' id='word_1_118' title='bbox 610 755 828 810; x_wconf 67' lang='lat' dir='ltr'>flagellat,</span> <span class='ocrx_word' id='word_1_119' title='bbox 855 749 1079 808; x_wconf 67' lang='lat' dir='ltr'>&amp;dzlzgit?</span> <span class='ocrx_word' id='word_1_120' title='bbox 1119 749 1166 796; x_wconf 88' lang='lat' dir='ltr'>O</span> <span class='ocrx_word' id='word_1_121' title='bbox 1181 767 1305 796; x_wconf 86' lang='lat' dir='ltr'>amor</span> <span class='ocrx_word' id='word_1_122' title='bbox 1326 748 1567 803; x_wconf 79' lang='lat' dir='ltr'>miranduS,</span> <span class='ocrx_word' id='word_1_123' title='bbox 1602 747 1632 793; x_wconf 79' lang='grc' dir='ltr'>ὃ</span> <span class='ocrx_word' id='word_1_124' title='bbox 1650 746 1825 793; x_wconf 81' lang='lat' dir='ltr'>charitas</span> <span class='ocrx_word' id='word_1_125' title='bbox 1846 746 1961 792; x_wconf 73' lang='lat' dir='ltr'>Hebt.</span> <span class='ocrx_word' id='word_1_126' title='bbox 1986 760 2046 789; x_wconf 85' lang='lat'>12.</span> <span class='ocrx_word' id='word_1_127' title='bbox 2071 756 2094 787; x_wconf 85' lang='lat'><strong>6</strong></span> 
     </span>
    </p>
   </div>
   <div class='ocr_carea' id='block_1_6' title="bbox 6 812 1829 1075">
    <p class='ocr_par' dir='ltr' id='par_1_9' title="bbox 6 812 1828 944">
     <span class='ocr_line' id='line_1_11' title="bbox 6 812 1828 873; baseline -0.005 -7"><span class='ocrx_word' id='word_1_128' title='bbox 6 846 8 873; x_wconf 69' lang='lat'>3</span> <span class='ocrx_word' id='word_1_129' title='bbox 61 815 258 866; x_wconf 82' lang='lat' dir='ltr'>inaudita!</span> <span class='ocrx_word' id='word_1_130' title='bbox 295 829 339 862; x_wconf 86' lang='lat' dir='ltr'>ut</span> <span class='ocrx_word' id='word_1_131' title='bbox 361 814 529 861; x_wconf 84' lang='lat' dir='ltr'>servum</span> <span class='ocrx_word' id='word_1_132' title='bbox 555 813 969 869; x_wconf 82' lang='lat' dir='ltr'>redimeret‚DEUS</span> <span class='ocrx_word' id='word_1_133' title='bbox 982 812 1138 861; x_wconf 80' lang='lat' dir='ltr'>Filium</span> <span class='ocrx_word' id='word_1_134' title='bbox 1160 812 1475 868; x_wconf 85' lang='lat' dir='ltr'>suumtradidit,</span> <span class='ocrx_word' id='word_1_135' title='bbox 1489 821 1539 862; x_wconf 69' lang='grc' dir='ltr'>ἃς</span> <span class='ocrx_word' id='word_1_136' title='bbox 1553 826 1696 860; x_wconf 87' lang='lat' dir='ltr'>tamen</span> <span class='ocrx_word' id='word_1_137' title='bbox 1709 828 1828 858; x_wconf 82' lang='lat' dir='ltr'>ama·</span> 
     </span>
     <span class='ocr_line' id='line_1_12' title="bbox 6 880 721 944; baseline -0.007 -14"><span class='ocrx_word' id='word_1_138' title='bbox 6 908 7 912; x_wconf 59' lang='lat'><em>=</em></span> <span class='ocrx_word' id='word_1_139' title='bbox 58 884 130 935; x_wconf 75' lang='lat' dir='ltr'>vit.</span> <span class='ocrx_word' id='word_1_140' title='bbox 196 881 242 928; x_wconf 92' lang='grc' dir='ltr'>Ο</span> <span class='ocrx_word' id='word_1_141' title='bbox 263 893 515 944; x_wconf 82' lang='lat' dir='ltr'>portentum</span> <span class='ocrx_word' id='word_1_142' title='bbox 537 880 721 927; x_wconf 81' lang='lat' dir='ltr'>amoris!</span> 
     </span>
    </p>

    <p class='ocr_par' dir='ltr' id='par_1_10' title="bbox 7 942 1829 1075">
     <span class='ocr_line' id='line_1_13' title="bbox 56 942 1826 1009; baseline -0.005 -14"><span class='ocrx_word' id='word_1_143' title='bbox 56 996 59 999; x_wconf 70' lang='grc'>,</span> <span class='ocrx_word' id='word_1_144' title='bbox 180 944 366 995; x_wconf 80' lang='lat' dir='ltr'>Proinde</span> <span class='ocrx_word' id='word_1_145' title='bbox 380 945 618 992; x_wconf 82' lang='lat' dir='ltr'>nullatenus</span> <span class='ocrx_word' id='word_1_146' title='bbox 634 943 879 991; x_wconf 86' lang='lat' dir='ltr'>mirandum</span> <span class='ocrx_word' id='word_1_147' title='bbox 893 947 966 997; x_wconf 89' lang='lat' dir='ltr'>est,</span> <span class='ocrx_word' id='word_1_148' title='bbox 982 944 1103 1009; x_wconf 77' lang='lat' dir='ltr'>quod</span> <span class='ocrx_word' id='word_1_149' title='bbox 1117 943 1226 991; x_wconf 88' lang='lat' dir='ltr'>DEI</span> <span class='ocrx_word' id='word_1_150' title='bbox 1238 944 1365 992; x_wconf 83' lang='lat' dir='ltr'>Filius</span> <span class='ocrx_word' id='word_1_151' title='bbox 1381 960 1521 1007; x_wconf 85' lang='lat' dir='ltr'>neque</span> <span class='ocrx_word' id='word_1_152' title='bbox 1533 942 1826 989; x_wconf 80' lang='lat' dir='ltr'>Sacratiffimae</span> 
     </span>
     <span class='ocr_line' id='line_1_14' title="bbox 7 1008 1829 1075; baseline -0.004 -16"><span class='ocrx_word' id='word_1_153' title='bbox 7 1017 10 1075; x_wconf 70' lang='lat' dir='ltr'>l</span> <span class='ocrx_word' id='word_1_154' title='bbox 57 1011 185 1058; x_wconf 88' lang='lat' dir='ltr'>Matri</span> <span class='ocrx_word' id='word_1_155' title='bbox 200 1011 280 1058; x_wconf 82' lang='lat' dir='ltr'>suae</span> <span class='ocrx_word' id='word_1_156' title='bbox 294 1013 541 1074; x_wconf 80' lang='lat' dir='ltr'><strong>pepercerit,</strong></span> <span class='ocrx_word' id='word_1_157' title='bbox 555 1009 620 1056; x_wconf 85' lang='lat' dir='ltr'>sed</span> <span class='ocrx_word' id='word_1_158' title='bbox 643 1013 683 1055; x_wconf 88' lang='lat' dir='ltr'>in</span> <span class='ocrx_word' id='word_1_159' title='bbox 699 1010 778 1056; x_wconf 88' lang='lat' dir='ltr'>hac</span> <span class='ocrx_word' id='word_1_160' title='bbox 794 1012 878 1056; x_wconf 79' lang='lat' dir='ltr'>vita</span> <span class='ocrx_word' id='word_1_161' title='bbox 901 1009 1070 1057; x_wconf 80' lang='lat' dir='ltr'>mortali</span> <span class='ocrx_word' id='word_1_162' title='bbox 1084 1011 1417 1057; x_wconf 81' lang='lat' dir='ltr'>Sacratiffimum</span> <span class='ocrx_word' id='word_1_163' title='bbox 1433 1008 1564 1056; x_wconf 86' lang='lat' dir='ltr'>COR</span> <span class='ocrx_word' id='word_1_164' title='bbox 1576 1014 1628 1055; x_wconf 68' lang='lat' dir='ltr'>Sc</span> <span class='ocrx_word' id='word_1_165' title='bbox 1640 1009 1829 1054; x_wconf 87' lang='lat' dir='ltr'>animam</span> 
     </span>
    </p>
   </div>
   <div class='ocr_carea' id='block_1_7' title="bbox 8 1072 2102 1214">
    <p class='ocr_par' dir='ltr' id='par_1_11' title="bbox 8 1072 2102 1214">
     <span class='ocr_line' id='line_1_15' title="bbox 8 1072 2102 1142; baseline -0.001 -17"><span class='ocrx_word' id='word_1_166' title='bbox 8 1098 11 1125; x_wconf 69' lang='grc' dir='ltr'>ι</span> <span class='ocrx_word' id='word_1_167' title='bbox 57 1080 142 1139; x_wconf 85' lang='lat' dir='ltr'>ejus</span> <span class='ocrx_word' id='word_1_168' title='bbox 168 1079 381 1142; x_wconf 83' lang='lat' dir='ltr'>perpetuis</span> <span class='ocrx_word' id='word_1_169' title='bbox 406 1077 600 1124; x_wconf 74' lang='lat' dir='ltr'>afflixerit</span> <span class='ocrx_word' id='word_1_170' title='bbox 617 1074 869 1122; x_wconf 69' lang='lat' dir='ltr'>doloribust</span> <span class='ocrx_word' id='word_1_171' title='bbox 905 1080 1012 1138; x_wconf 83' lang='lat' dir='ltr'>Qia</span> <span class='ocrx_word' id='word_1_172' title='bbox 1030 1090 1202 1137; x_wconf 81' lang='lat' dir='ltr'>acceptus</span> <span class='ocrx_word' id='word_1_173' title='bbox 1222 1093 1304 1122; x_wconf 63' lang='lat' dir='ltr'>eras</span> <span class='ocrx_word' id='word_1_174' title='bbox 1318 1081 1445 1121; x_wconf 88' lang='lat' dir='ltr'>DEO</span> <span class='ocrx_word' id='word_1_175' title='bbox 1459 1111 1469 1128; x_wconf 94' lang='lat'>,</span> <span class='ocrx_word' id='word_1_176' title='bbox 1504 1072 1668 1120; x_wconf 85' lang='lat' dir='ltr'>dicebat</span> <span class='ocrx_word' id='word_1_177' title='bbox 1682 1089 1830 1137; x_wconf 82' lang='lat' dir='ltr'>quon·</span> <span class='ocrx_word' id='word_1_178' title='bbox 1847 1081 1950 1119; x_wconf 88' lang='lat' dir='ltr'>Tob.</span> <span class='ocrx_word' id='word_1_179' title='bbox 1972 1093 2032 1123; x_wconf 71' lang='grc' dir='ltr'>ιι.</span> <span class='ocrx_word' id='word_1_180' title='bbox 2057 1094 2102 1130; x_wconf 84' lang='lat'>¹3</span> 
     </span>
     <span class='ocr_line' id='line_1_16' title="bbox 8 1136 2093 1214; baseline -0.004 -25"><span class='ocrx_word' id='word_1_181' title='bbox 8 1155 11 1200; x_wconf 73' lang='grc' dir='ltr'>ξ</span> <span class='ocrx_word' id='word_1_182' title='bbox 57 1142 156 1189; x_wconf 85' lang='lat' dir='ltr'>dam</span> <span class='ocrx_word' id='word_1_183' title='bbox 179 1142 230 1189; x_wconf 86' lang='lat' dir='ltr'>ad</span> <span class='ocrx_word' id='word_1_184' title='bbox 243 1142 440 1189; x_wconf 88' lang='lat' dir='ltr'>Tobiam</span> <span class='ocrx_word' id='word_1_185' title='bbox 454 1141 660 1214; x_wconf 72' lang='lat' dir='ltr'>Angelus,</span> <span class='ocrx_word' id='word_1_186' title='bbox 675 1141 812 1200; x_wconf 78' lang='lat' dir='ltr'>neceffe</span> <span class='ocrx_word' id='word_1_187' title='bbox 819 1141 917 1202; x_wconf 86' lang='lat' dir='ltr'>fuit,</span> <span class='ocrx_word' id='word_1_188' title='bbox 932 1155 975 1186; x_wconf 86' lang='lat' dir='ltr'>ut</span> <span class='ocrx_word' id='word_1_189' title='bbox 988 1145 1160 1186; x_wconf 78' lang='lat' dir='ltr'>tentatio</span> <span class='ocrx_word' id='word_1_190' title='bbox 1175 1142 1361 1202; x_wconf 85' lang='lat' dir='ltr'>probaret</span> <span class='ocrx_word' id='word_1_191' title='bbox 1379 1155 1443 1190; x_wconf 59' lang='lat' dir='ltr'>tei</span> <span class='ocrx_word' id='word_1_192' title='bbox 1475 1136 1626 1202; x_wconf 81' lang='lat' dir='ltr'>&amp;ipsa</span> <span class='ocrx_word' id='word_1_193' title='bbox 1639 1138 1828 1184; x_wconf 82' lang='lat' dir='ltr'>Veritas:</span> <span class='ocrx_word' id='word_1_194' title='bbox 1852 1142 1962 1193; x_wconf 50' lang='grc' dir='ltr'>«ἱροῦ»</span> <span class='ocrx_word' id='word_1_195' title='bbox 1990 1151 2024 1185; x_wconf 84' lang='lat'>3·</span> <span class='ocrx_word' id='word_1_196' title='bbox 2045 1150 2093 1180; x_wconf 87' lang='lat'>19</span> 
     </span>
    </p>
   </div>
   <div class='ocr_carea' id='block_1_8' title="bbox 0 1199 1831 1466">
    <p class='ocr_par' dir='ltr' id='par_1_12' title="bbox 0 1199 1831 1466">
     <span class='ocr_line' id='line_1_17' title="bbox 9 1199 1829 1275; baseline -0.003 -21"><span class='ocrx_word' id='word_1_197' title='bbox 9 1213 13 1275; x_wconf 58' lang='grc' dir='ltr'><em>ξ</em></span> <span class='ocrx_word' id='word_1_198' title='bbox 54 1213 142 1268; x_wconf 71' lang='lat' dir='ltr'>Ego</span> <span class='ocrx_word' id='word_1_199' title='bbox 161 1225 256 1268; x_wconf 86' lang='lat' dir='ltr'>quos</span> <span class='ocrx_word' id='word_1_200' title='bbox 280 1224 383 1255; x_wconf 84' lang='lat' dir='ltr'>amo,</span> <span class='ocrx_word' id='word_1_201' title='bbox 398 1223 544 1267; x_wconf 82' lang='lat' dir='ltr'><em>arguo,</em></span> <span class='ocrx_word' id='word_1_202' title='bbox 565 1217 613 1252; x_wconf 68' lang='grc' dir='ltr'>Θ·</span> <span class='ocrx_word' id='word_1_203' title='bbox 634 1205 807 1266; x_wconf 80' lang='lat' dir='ltr'>castigo‚·</span> <span class='ocrx_word' id='word_1_204' title='bbox 831 1223 933 1251; x_wconf 89' lang='lat' dir='ltr'>nam</span> <span class='ocrx_word' id='word_1_205' title='bbox 949 1207 991 1251; x_wconf 88' lang='lat' dir='ltr'>in</span> <span class='ocrx_word' id='word_1_206' title='bbox 1004 1205 1114 1252; x_wconf 87' lang='lat' dir='ltr'>DEI</span> <span class='ocrx_word' id='word_1_207' title='bbox 1131 1222 1280 1252; x_wconf 87' lang='lat' dir='ltr'>amore</span> <span class='ocrx_word' id='word_1_208' title='bbox 1298 1223 1392 1252; x_wconf 89' lang='lat' dir='ltr'>non</span> <span class='ocrx_word' id='word_1_209' title='bbox 1415 1206 1574 1252; x_wconf 86' lang='lat' dir='ltr'>vivitur</span> <span class='ocrx_word' id='word_1_210' title='bbox 1594 1205 1680 1249; x_wconf 85' lang='lat' dir='ltr'>fine</span> <span class='ocrx_word' id='word_1_211' title='bbox 1696 1199 1829 1249; x_wconf 88' lang='lat' dir='ltr'>dolo-</span> 
     </span>
     <span class='ocr_line' id='line_1_18' title="bbox 9 1268 1830 1335; baseline -0.003 -17"><span class='ocrx_word' id='word_1_212' title='bbox 9 1290 12 1325; x_wconf 69' lang='lat'>1</span> <span class='ocrx_word' id='word_1_213' title='bbox 55 1289 111 1321; x_wconf 89' lang='lat' dir='ltr'>re,</span> <span class='ocrx_word' id='word_1_214' title='bbox 124 1273 215 1319; x_wconf 80' lang='lat' dir='ltr'>imo</span> <span class='ocrx_word' id='word_1_215' title='bbox 232 1270 381 1335; x_wconf 81' lang='lat' dir='ltr'>&amp;ipse</span> <span class='ocrx_word' id='word_1_216' title='bbox 396 1288 532 1332; x_wconf 29' lang='lat' dir='ltr'>amor.</span> <span class='ocrx_word' id='word_1_217' title='bbox 544 1269 736 1317; x_wconf 87' lang='lat' dir='ltr'>mensura</span> <span class='ocrx_word' id='word_1_218' title='bbox 750 1269 914 1316; x_wconf 85' lang='lat' dir='ltr'>doloris</span> <span class='ocrx_word' id='word_1_219' title='bbox 931 1273 1017 1316; x_wconf 70' lang='lat' dir='ltr'>estt</span> <span class='ocrx_word' id='word_1_220' title='bbox 1051 1270 1204 1317; x_wconf 81' lang='lat' dir='ltr'>Voluit</span> <span class='ocrx_word' id='word_1_221' title='bbox 1227 1272 1368 1335; x_wconf 85' lang='lat' dir='ltr'>itaque</span> <span class='ocrx_word' id='word_1_222' title='bbox 1381 1270 1590 1333; x_wconf 84' lang='lat' dir='ltr'>benignus</span> <span class='ocrx_word' id='word_1_223' title='bbox 1603 1268 1830 1316; x_wconf 82' lang='lat' dir='ltr'>Dominus</span> 
     </span>
     <span class='ocr_line' id='line_1_19' title="bbox 10 1333 1831 1400; baseline -0.003 -17"><span class='ocrx_word' id='word_1_224' title='bbox 10 1336 13 1349; x_wconf 72' lang='lat'>²</span> <span class='ocrx_word' id='word_1_225' title='bbox 55 1334 128 1383; x_wconf 75' lang='lat' dir='ltr'>hic</span> <span class='ocrx_word' id='word_1_226' title='bbox 143 1336 349 1400; x_wconf 75' lang='lat' dir='ltr'>singulare</span> <span class='ocrx_word' id='word_1_227' title='bbox 372 1336 499 1382; x_wconf 85' lang='lat' dir='ltr'>nobis</span> <span class='ocrx_word' id='word_1_228' title='bbox 515 1338 555 1382; x_wconf 91' lang='lat' dir='ltr'>in</span> <span class='ocrx_word' id='word_1_229' title='bbox 572 1335 853 1382; x_wconf 81' lang='lat' dir='ltr'>Sacratisfima</span> <span class='ocrx_word' id='word_1_230' title='bbox 865 1334 1008 1381; x_wconf 88' lang='lat' dir='ltr'>Matre</span> <span class='ocrx_word' id='word_1_231' title='bbox 1030 1333 1340 1382; x_wconf 90' lang='lat' dir='ltr'>subministrare</span> <span class='ocrx_word' id='word_1_232' title='bbox 1355 1334 1617 1398; x_wconf 85' lang='lat' dir='ltr'>exemplum,</span> <span class='ocrx_word' id='word_1_233' title='bbox 1633 1349 1831 1398; x_wconf 83' lang='lat' dir='ltr'>quomo-</span> 
     </span>
     <span class='ocr_line' id='line_1_20' title="bbox 0 1398 1828 1466; baseline -0.004 -17"><span class='ocrx_word' id='word_1_234' title='bbox 0 1419 15 1459; x_wconf 66' lang='grc' dir='ltr'>ι*</span> <span class='ocrx_word' id='word_1_235' title='bbox 37 1401 117 1448; x_wconf 85' lang='lat' dir='ltr'>-do</span> <span class='ocrx_word' id='word_1_236' title='bbox 134 1406 284 1466; x_wconf 84' lang='lat' dir='ltr'>pariter</span> <span class='ocrx_word' id='word_1_237' title='bbox 299 1399 497 1448; x_wconf 82' lang='lat' dir='ltr'>DEUM</span> <span class='ocrx_word' id='word_1_238' title='bbox 512 1399 705 1447; x_wconf 79' lang='lat' dir='ltr'>dolentes</span> <span class='ocrx_word' id='word_1_239' title='bbox 721 1399 951 1446; x_wconf 82' lang='lat' dir='ltr'>debeamus</span> <span class='ocrx_word' id='word_1_240' title='bbox 973 1417 1171 1464; x_wconf 70' lang='lat' dir='ltr'>quaerere,</span> <span class='ocrx_word' id='word_1_241' title='bbox 1185 1402 1258 1465; x_wconf 90' lang='lat' dir='ltr'>qui</span> <span class='ocrx_word' id='word_1_242' title='bbox 1272 1402 1313 1446; x_wconf 90' lang='lat' dir='ltr'>in</span> <span class='ocrx_word' id='word_1_243' title='bbox 1336 1400 1492 1447; x_wconf 84' lang='lat' dir='ltr'>deliciis</span> <span class='ocrx_word' id='word_1_244' title='bbox 1513 1398 1692 1445; x_wconf 74' lang='lat' dir='ltr'>minime</span> <span class='ocrx_word' id='word_1_245' title='bbox 1706 1399 1828 1444; x_wconf 82' lang='lat' dir='ltr'>inve-</span> 
     </span>
    </p>
   </div>
   <div class='ocr_carea' id='block_1_9' title="bbox 0 1461 2064 1529">
    <p class='ocr_par' dir='ltr' id='par_1_13' title="bbox 0 1461 2064 1529">
     <span class='ocr_line' id='line_1_21' title="bbox 0 1461 2064 1529; baseline -0.003 -16"><span class='ocrx_word' id='word_1_246' title='bbox 0 1469 15 1527; x_wconf 67' lang='lat'>3&#39;7</span> <span class='ocrx_word' id='word_1_247' title='bbox 56 1469 180 1515; x_wconf 86' lang='lat' dir='ltr'>nitur.</span> <span class='ocrx_word' id='word_1_248' title='bbox 249 1467 303 1512; x_wconf 86' lang='lat' dir='ltr'>Et</span> <span class='ocrx_word' id='word_1_249' title='bbox 322 1464 518 1529; x_wconf 84' lang='lat' dir='ltr'>nunquid</span> <span class='ocrx_word' id='word_1_250' title='bbox 531 1464 694 1528; x_wconf 84' lang='lat' dir='ltr'>Joseph</span> <span class='ocrx_word' id='word_1_251' title='bbox 708 1465 1029 1528; x_wconf 81' lang='lat' dir='ltr'>AEgyptiorum</span> <span class='ocrx_word' id='word_1_252' title='bbox 1042 1465 1246 1512; x_wconf 81' lang='lat' dir='ltr'>Pro-Rex</span> <span class='ocrx_word' id='word_1_253' title='bbox 1260 1466 1564 1528; x_wconf 87' lang='lat' dir='ltr'>Benjaminum</span> <span class='ocrx_word' id='word_1_254' title='bbox 1586 1462 1709 1526; x_wconf 88' lang='lat' dir='ltr'>super</span> <span class='ocrx_word' id='word_1_255' title='bbox 1729 1480 1829 1508; x_wconf 89' lang='lat' dir='ltr'>om-</span> <span class='ocrx_word' id='word_1_256' title='bbox 1844 1461 1937 1497; x_wconf 72' lang='lat'>‘30¹&#39;-</span> <span class='ocrx_word' id='word_1_257' title='bbox 1956 1470 2022 1507; x_wconf 75' lang='lat'>440</span> <span class='ocrx_word' id='word_1_258' title='bbox 2043 1472 2064 1498; x_wconf 78' lang='lat'><strong>2</strong></span> 
     </span>
    </p>
   </div>
   <div class='ocr_carea' id='block_1_10' title="bbox 0 1527 1840 2384">
    <p class='ocr_par' dir='ltr' id='par_1_14' title="bbox 0 1527 1840 2384">
     <span class='ocr_line' id='line_1_22' title="bbox 56 1527 1834 1594; baseline -0.004 -14.244"><span class='ocrx_word' id='word_1_259' title='bbox 56 1550 129 1581; x_wconf 87' lang='lat' dir='ltr'>nes</span> <span class='ocrx_word' id='word_1_260' title='bbox 144 1532 286 1580; x_wconf 82' lang='lat' dir='ltr'>fratres</span> <span class='ocrx_word' id='word_1_261' title='bbox 304 1529 402 1578; x_wconf 86' lang='lat' dir='ltr'>suos</span> <span class='ocrx_word' id='word_1_262' title='bbox 427 1529 602 1576; x_wconf 75' lang='lat' dir='ltr'>dilexit?</span> <span class='ocrx_word' id='word_1_263' title='bbox 638 1532 727 1591; x_wconf 82' lang='lat' dir='ltr'>Q</span> <span class='ocrx_word' id='word_1_264' title='bbox 743 1544 884 1575; x_wconf 86' lang='lat' dir='ltr'>tamen</span> <span class='ocrx_word' id='word_1_265' title='bbox 910 1528 964 1575; x_wconf 87' lang='lat' dir='ltr'>illi</span> <span class='ocrx_word' id='word_1_266' title='bbox 987 1531 1237 1594; x_wconf 85' lang='lat' dir='ltr'>neutiquam</span> <span class='ocrx_word' id='word_1_267' title='bbox 1257 1533 1458 1594; x_wconf 87' lang='lat' dir='ltr'>pepercit,</span> <span class='ocrx_word' id='word_1_268' title='bbox 1472 1529 1539 1576; x_wconf 90' lang='lat' dir='ltr'>sed</span> <span class='ocrx_word' id='word_1_269' title='bbox 1561 1528 1683 1576; x_wconf 86' lang='lat' dir='ltr'>sacco</span> <span class='ocrx_word' id='word_1_270' title='bbox 1700 1527 1805 1573; x_wconf 87' lang='lat' dir='ltr'>illius</span> <span class='ocrx_word' id='word_1_271' title='bbox 1821 1561 1834 1580; x_wconf 88' lang='lat'><strong>,</strong></span> 
     </span>
     <span class='ocr_line' id='line_1_23' title="bbox 0 1593 1834 1659; baseline -0.004 -13"><span class='ocrx_word' id='word_1_272' title='bbox 0 1599 1 1604; x_wconf 67' lang='grc'>’</span> <span class='ocrx_word' id='word_1_273' title='bbox 59 1615 107 1646; x_wconf 84' lang='lat' dir='ltr'>ac</span> <span class='ocrx_word' id='word_1_274' title='bbox 126 1601 156 1645; x_wconf 65' lang='lat' dir='ltr'>fr</span> <span class='ocrx_word' id='word_1_275' title='bbox 172 1598 374 1645; x_wconf 89' lang='lat' dir='ltr'>omnium</span> <span class='ocrx_word' id='word_1_276' title='bbox 389 1595 456 1642; x_wconf 82' lang='lat' dir='ltr'>fur</span> <span class='ocrx_word' id='word_1_277' title='bbox 470 1595 640 1643; x_wconf 78' lang='lat' dir='ltr'>&amp;latro</span> <span class='ocrx_word' id='word_1_278' title='bbox 655 1596 865 1659; x_wconf 80' lang='lat' dir='ltr'>peffimus</span> <span class='ocrx_word' id='word_1_279' title='bbox 881 1593 1028 1649; x_wconf 77' lang='lat' dir='ltr'>fuisset,</span> <span class='ocrx_word' id='word_1_280' title='bbox 1043 1594 1256 1658; x_wconf 87' lang='lat' dir='ltr'>scyphum</span> <span class='ocrx_word' id='word_1_281' title='bbox 1275 1595 1403 1643; x_wconf 80' lang='lat' dir='ltr'>suum</span> <span class='ocrx_word' id='word_1_282' title='bbox 1417 1607 1662 1659; x_wconf 86' lang='lat' dir='ltr'>argenteum</span> <span class='ocrx_word' id='word_1_283' title='bbox 1682 1594 1834 1656; x_wconf 89' lang='lat' dir='ltr'>impo-</span> 
     </span>
     <span class='ocr_line' id='line_1_24' title="bbox 55 1659 1233 1728; baseline -0.004 -17"><span class='ocrx_word' id='word_1_284' title='bbox 55 1666 100 1712; x_wconf 86' lang='lat' dir='ltr'>ni</span> <span class='ocrx_word' id='word_1_285' title='bbox 107 1665 240 1728; x_wconf 61' lang='lat' dir='ltr'>justit,</span> <span class='ocrx_word' id='word_1_286' title='bbox 255 1668 305 1709; x_wconf 74' lang='grc' dir='ltr'>δε</span> <span class='ocrx_word' id='word_1_287' title='bbox 327 1659 474 1708; x_wconf 72' lang='lat' dir='ltr'>durilts</span> <span class='ocrx_word' id='word_1_288' title='bbox 487 1660 608 1707; x_wconf 90' lang='lat' dir='ltr'>illum</span> <span class='ocrx_word' id='word_1_289' title='bbox 623 1662 777 1707; x_wconf 84' lang='lat' dir='ltr'>caeteris</span> <span class='ocrx_word' id='word_1_290' title='bbox 802 1659 1009 1707; x_wconf 81' lang='lat' dir='ltr'>omnibus</span> <span class='ocrx_word' id='word_1_291' title='bbox 1023 1660 1233 1708; x_wconf 58' lang='lat' dir='ltr'>tractavit.</span> 
     </span>
     <span class='ocr_line' id='line_1_25' title="bbox 187 1722 1832 1789; baseline -0.002 -16"><span class='ocrx_word' id='word_1_292' title='bbox 187 1728 255 1773; x_wconf 90' lang='lat' dir='ltr'>En</span> <span class='ocrx_word' id='word_1_293' title='bbox 270 1739 427 1789; x_wconf 89' lang='lat' dir='ltr'>typum</span> <span class='ocrx_word' id='word_1_294' title='bbox 442 1725 768 1789; x_wconf 81' lang='lat' dir='ltr'>perelegantem,</span> <span class='ocrx_word' id='word_1_295' title='bbox 782 1724 1019 1789; x_wconf 87' lang='lat' dir='ltr'>quomodo</span> <span class='ocrx_word' id='word_1_296' title='bbox 1034 1725 1244 1788; x_wconf 84' lang='lat' dir='ltr'>Sapientia</span> <span class='ocrx_word' id='word_1_297' title='bbox 1257 1739 1407 1772; x_wconf 76' lang='lat' dir='ltr'>aeterna</span> <span class='ocrx_word' id='word_1_298' title='bbox 1425 1723 1567 1771; x_wconf 86' lang='lat' dir='ltr'>ludere</span> <span class='ocrx_word' id='word_1_299' title='bbox 1580 1722 1708 1770; x_wconf 84' lang='lat' dir='ltr'>soleat</span> <span class='ocrx_word' id='word_1_300' title='bbox 1731 1740 1832 1770; x_wconf 90' lang='lat' dir='ltr'>cum</span> 
     </span>
     <span class='ocr_line' id='line_1_26' title="bbox 17 1788 1832 1855; baseline -0.001 -17"><span class='ocrx_word' id='word_1_301' title='bbox 17 1835 19 1838; x_wconf 91' lang='lat'>.</span> <span class='ocrx_word' id='word_1_302' title='bbox 58 1792 223 1840; x_wconf 69' lang='lat' dir='ltr'>Eleffis</span> <span class='ocrx_word' id='word_1_303' title='bbox 237 1790 452 1853; x_wconf 78' lang='lat' dir='ltr'>suis,quos</span> <span class='ocrx_word' id='word_1_304' title='bbox 470 1792 514 1836; x_wconf 87' lang='lat' dir='ltr'>in</span> <span class='ocrx_word' id='word_1_305' title='bbox 536 1790 617 1836; x_wconf 87' lang='lat' dir='ltr'>hac</span> <span class='ocrx_word' id='word_1_306' title='bbox 631 1792 717 1836; x_wconf 83' lang='lat' dir='ltr'>vita</span> <span class='ocrx_word' id='word_1_307' title='bbox 732 1789 900 1836; x_wconf 89' lang='lat' dir='ltr'>mortali</span> <span class='ocrx_word' id='word_1_308' title='bbox 925 1788 1084 1839; x_wconf 52' lang='lat' dir='ltr'>durius,</span> <span class='ocrx_word' id='word_1_309' title='bbox 1099 1792 1230 1855; x_wconf 71' lang='lat' dir='ltr'>quam</span> <span class='ocrx_word' id='word_1_310' title='bbox 1254 1791 1466 1854; x_wconf 88' lang='lat' dir='ltr'>reprobos</span> <span class='ocrx_word' id='word_1_311' title='bbox 1479 1790 1832 1853; x_wconf 79' lang='lat' dir='ltr'>pati,contemni‚</span> 
     </span>
     <span class='ocr_line' id='line_1_27' title="bbox 17 1853 1835 1922; baseline -0.004 -16"><span class='ocrx_word' id='word_1_312' title='bbox 17 1867 20 1872; x_wconf 85' lang='lat'>&#39;</span> <span class='ocrx_word' id='word_1_313' title='bbox 61 1872 189 1922; x_wconf 83' lang='lat' dir='ltr'>atque</span> <span class='ocrx_word' id='word_1_314' title='bbox 202 1857 344 1902; x_wconf 83' lang='lat' dir='ltr'>vexari</span> <span class='ocrx_word' id='word_1_315' title='bbox 363 1856 475 1903; x_wconf 84' lang='lat' dir='ltr'>finit,</span> <span class='ocrx_word' id='word_1_316' title='bbox 511 1868 556 1901; x_wconf 89' lang='lat' dir='ltr'>ut</span> <span class='ocrx_word' id='word_1_317' title='bbox 574 1854 669 1901; x_wconf 88' lang='lat' dir='ltr'>illos</span> <span class='ocrx_word' id='word_1_318' title='bbox 686 1853 840 1900; x_wconf 85' lang='lat' dir='ltr'>tanden</span> <span class='ocrx_word' id='word_1_319' title='bbox 855 1853 906 1900; x_wconf 85' lang='lat' dir='ltr'>ad</span> <span class='ocrx_word' id='word_1_320' title='bbox 921 1854 1103 1915; x_wconf 78' lang='lat' dir='ltr'>gloriam</span> <span class='ocrx_word' id='word_1_321' title='bbox 1127 1857 1278 1917; x_wconf 86' lang='lat' dir='ltr'>majori</span> <span class='ocrx_word' id='word_1_322' title='bbox 1299 1874 1396 1902; x_wconf 91' lang='lat' dir='ltr'>cum</span> <span class='ocrx_word' id='word_1_323' title='bbox 1424 1857 1576 1901; x_wconf 89' lang='lat' dir='ltr'>merito</span> <span class='ocrx_word' id='word_1_324' title='bbox 1597 1853 1759 1901; x_wconf 81' lang='lat' dir='ltr'>exaltet,</span> <span class='ocrx_word' id='word_1_325' title='bbox 1773 1866 1835 1899; x_wconf 88' lang='lat' dir='ltr'>at-</span> 
     </span>
     <span class='ocr_line' id='line_1_28' title="bbox 63 1917 1830 1986; baseline -0.003 -16"><span class='ocrx_word' id='word_1_326' title='bbox 63 1941 149 1986; x_wconf 89' lang='lat' dir='ltr'>que</span> <span class='ocrx_word' id='word_1_327' title='bbox 164 1936 367 1968; x_wconf 80' lang='lat' dir='ltr'>aeternum</span> <span class='ocrx_word' id='word_1_328' title='bbox 391 1934 599 1975; x_wconf 83' lang='lat' dir='ltr'>coronet3</span> <span class='ocrx_word' id='word_1_329' title='bbox 642 1921 698 1965; x_wconf 87' lang='lat' dir='ltr'>sic</span> <span class='ocrx_word' id='word_1_330' title='bbox 714 1919 907 1966; x_wconf 82' lang='lat' dir='ltr'>Christus</span> <span class='ocrx_word' id='word_1_331' title='bbox 921 1919 1146 1966; x_wconf 84' lang='lat' dir='ltr'>Dominus</span> <span class='ocrx_word' id='word_1_332' title='bbox 1160 1938 1247 1983; x_wconf 82' lang='lat' dir='ltr'>prae</span> <span class='ocrx_word' id='word_1_333' title='bbox 1264 1923 1418 1966; x_wconf 81' lang='lat' dir='ltr'>caeteris</span> <span class='ocrx_word' id='word_1_334' title='bbox 1441 1920 1647 1966; x_wconf 82' lang='lat' dir='ltr'>omnibus</span> <span class='ocrx_word' id='word_1_335' title='bbox 1666 1917 1830 1965; x_wconf 51' lang='lat' dir='ltr'>dilectis</span> 
     </span>
     <span class='ocr_line' id='line_1_29' title="bbox 18 1982 1836 2051; baseline -0.004 -15"><span class='ocrx_word' id='word_1_336' title='bbox 18 2018 21 2021; x_wconf 89' lang='lat'><em>-</em></span> <span class='ocrx_word' id='word_1_337' title='bbox 61 1988 143 2036; x_wconf 78' lang='lat' dir='ltr'>suiS</span> <span class='ocrx_word' id='word_1_338' title='bbox 158 1988 302 2051; x_wconf 79' lang='lat' dir='ltr'>primo</span> <span class='ocrx_word' id='word_1_339' title='bbox 316 1985 610 2031; x_wconf 81' lang='lat' dir='ltr'>Sacratiffimae</span> <span class='ocrx_word' id='word_1_340' title='bbox 625 1990 676 2032; x_wconf 69' lang='grc' dir='ltr'>δέ</span> <span class='ocrx_word' id='word_1_341' title='bbox 690 1986 985 2030; x_wconf 79' lang='lat' dir='ltr'>amantiffimae</span> <span class='ocrx_word' id='word_1_342' title='bbox 996 1982 1126 2030; x_wconf 89' lang='lat' dir='ltr'>Matri</span> <span class='ocrx_word' id='word_1_343' title='bbox 1140 1983 1221 2032; x_wconf 83' lang='lat' dir='ltr'>suae</span> <span class='ocrx_word' id='word_1_344' title='bbox 1234 1987 1442 2049; x_wconf 85' lang='lat' dir='ltr'>paffionis</span> <span class='ocrx_word' id='word_1_345' title='bbox 1457 1985 1537 2030; x_wconf 83' lang='lat' dir='ltr'>suae</span> <span class='ocrx_word' id='word_1_346' title='bbox 1553 1983 1726 2031; x_wconf 83' lang='lat' dir='ltr'>calicem</span> <span class='ocrx_word' id='word_1_347' title='bbox 1741 1983 1836 2030; x_wconf 90' lang='lat' dir='ltr'>lon·</span> 
     </span>
     <span class='ocr_line' id='line_1_30' title="bbox 19 2048 1835 2119; baseline -0.002 -18"><span class='ocrx_word' id='word_1_348' title='bbox 19 2096 21 2111; x_wconf 25' lang='grc' dir='ltr'><strong>ἱ</strong></span> <span class='ocrx_word' id='word_1_349' title='bbox 60 2053 117 2119; x_wconf 84' lang='lat' dir='ltr'>g&#39;e</span> <span class='ocrx_word' id='word_1_350' title='bbox 141 2052 453 2099; x_wconf 78' lang='lat' dir='ltr'>amatissimum</span> <span class='ocrx_word' id='word_1_351' title='bbox 479 2048 794 2113; x_wconf 81' lang='lat' dir='ltr'>degustandum</span> <span class='ocrx_word' id='word_1_352' title='bbox 818 2048 1021 2113; x_wconf 86' lang='lat' dir='ltr'>praebuit,</span> <span class='ocrx_word' id='word_1_353' title='bbox 1056 2061 1101 2097; x_wconf 92' lang='lat' dir='ltr'>ut</span> <span class='ocrx_word' id='word_1_354' title='bbox 1121 2067 1214 2097; x_wconf 91' lang='lat' dir='ltr'>non</span> <span class='ocrx_word' id='word_1_355' title='bbox 1238 2048 1409 2097; x_wconf 71' lang='lat' dir='ltr'>tantlim</span> <span class='ocrx_word' id='word_1_356' title='bbox 1432 2048 1678 2112; x_wconf 85' lang='lat' dir='ltr'>Martyrum</span> <span class='ocrx_word' id='word_1_357' title='bbox 1704 2066 1835 2097; x_wconf 89' lang='lat' dir='ltr'>coro-</span> 
     </span>
     <span class='ocr_line' id='line_1_31' title="bbox 20 2113 1834 2181; baseline -0.003 -13"><span class='ocrx_word' id='word_1_358' title='bbox 20 2145 24 2167; x_wconf 58' lang='grc' dir='ltr'>ε</span> <span class='ocrx_word' id='word_1_359' title='bbox 63 2137 139 2168; x_wconf 86' lang='lat' dir='ltr'>nas</span> <span class='ocrx_word' id='word_1_360' title='bbox 155 2119 276 2165; x_wconf 88' lang='lat' dir='ltr'>omni</span> <span class='ocrx_word' id='word_1_361' title='bbox 284 2119 379 2179; x_wconf 88' lang='lat' dir='ltr'>jure</span> <span class='ocrx_word' id='word_1_362' title='bbox 394 2129 639 2163; x_wconf 79' lang='lat' dir='ltr'>mereretur,</span> <span class='ocrx_word' id='word_1_363' title='bbox 681 2114 749 2161; x_wconf 87' lang='lat' dir='ltr'>sed</span> <span class='ocrx_word' id='word_1_364' title='bbox 765 2121 816 2163; x_wconf 67' lang='grc' dir='ltr'>ὗε</span> <span class='ocrx_word' id='word_1_365' title='bbox 829 2113 1015 2168; x_wconf 87' lang='lat' dir='ltr'>tandem,</span> <span class='ocrx_word' id='word_1_366' title='bbox 1026 2127 1231 2181; x_wconf 87' lang='lat' dir='ltr'>tanquam</span> <span class='ocrx_word' id='word_1_367' title='bbox 1243 2115 1404 2180; x_wconf 85' lang='lat' dir='ltr'>Regina</span> <span class='ocrx_word' id='word_1_368' title='bbox 1415 2113 1675 2178; x_wconf 85' lang='lat' dir='ltr'>Martyrum,</span> <span class='ocrx_word' id='word_1_369' title='bbox 1687 2115 1730 2160; x_wconf 89' lang='lat' dir='ltr'>in</span> <span class='ocrx_word' id='word_1_370' title='bbox 1746 2132 1834 2162; x_wconf 83' lang='lat' dir='ltr'>coe-</span> 
     </span>
     <span class='ocr_line' id='line_1_32' title="bbox 19 2179 1135 2246; baseline -0.001 -18"><span class='ocrx_word' id='word_1_371' title='bbox 19 2205 22 2228; x_wconf 65' lang='lat' dir='ltr'><strong>f</strong></span> <span class='ocrx_word' id='word_1_372' title='bbox 65 2185 156 2232; x_wconf 84' lang='lat' dir='ltr'>lesti</span> <span class='ocrx_word' id='word_1_373' title='bbox 179 2198 312 2246; x_wconf 88' lang='lat' dir='ltr'>regno</span> <span class='ocrx_word' id='word_1_374' title='bbox 335 2179 457 2243; x_wconf 91' lang='lat' dir='ltr'>super</span> <span class='ocrx_word' id='word_1_375' title='bbox 471 2197 628 2227; x_wconf 74' lang='lat' dir='ltr'>omnes</span> <span class='ocrx_word' id='word_1_376' title='bbox 651 2193 855 2227; x_wconf 88' lang='lat' dir='ltr'>creaturas</span> <span class='ocrx_word' id='word_1_377' title='bbox 878 2179 1135 2227; x_wconf 79' lang='lat' dir='ltr'>exaltaretur.</span> 
     </span>
     <span class='ocr_line' id='line_1_33' title="bbox 192 2244 1840 2309; baseline -0.004 -15.658"><span class='ocrx_word' id='word_1_378' title='bbox 192 2262 236 2309; x_wconf 88' lang='lat'>7.</span> <span class='ocrx_word' id='word_1_379' title='bbox 271 2245 471 2309; x_wconf 84' lang='lat' dir='ltr'>Figuram</span> <span class='ocrx_word' id='word_1_380' title='bbox 486 2244 819 2308; x_wconf 84' lang='lat' dir='ltr'>pulcherrimam</span> <span class='ocrx_word' id='word_1_381' title='bbox 834 2244 885 2292; x_wconf 88' lang='lat' dir='ltr'>de</span> <span class='ocrx_word' id='word_1_382' title='bbox 900 2245 977 2291; x_wconf 81' lang='lat' dir='ltr'>hac</span> <span class='ocrx_word' id='word_1_383' title='bbox 989 2248 1160 2292; x_wconf 79' lang='lat' dir='ltr'>veritate</span> <span class='ocrx_word' id='word_1_384' title='bbox 1174 2245 1307 2292; x_wconf 83' lang='lat' dir='ltr'>Sacrae</span> <span class='ocrx_word' id='word_1_385' title='bbox 1328 2244 1840 2308; x_wconf 78' lang='lat' dir='ltr'>subministrantPaginae3</span> 
     </span>
     <span class='ocr_line' id='line_1_34' title="bbox 8 2305 1838 2384; baseline -0.003 -24"><span class='ocrx_word' id='word_1_386' title='bbox 8 2322 25 2384; x_wconf 89' lang='lat'>3</span> <span class='ocrx_word' id='word_1_387' title='bbox 68 2320 121 2363; x_wconf 66' lang='grc' dir='ltr'>δέ</span> <span class='ocrx_word' id='word_1_388' title='bbox 132 2311 329 2378; x_wconf 87' lang='lat' dir='ltr'>nunquid</span> <span class='ocrx_word' id='word_1_389' title='bbox 343 2312 542 2357; x_wconf 74' lang='lat' dir='ltr'>Affuerus</span> <span class='ocrx_word' id='word_1_390' title='bbox 567 2313 887 2373; x_wconf 85' lang='lat' dir='ltr'>potentiffimus</span> <span class='ocrx_word' id='word_1_391' title='bbox 907 2309 1123 2358; x_wconf 88' lang='lat' dir='ltr'>Persarum</span> <span class='ocrx_word' id='word_1_392' title='bbox 1137 2311 1235 2375; x_wconf 16' lang='lat' dir='ltr'>Rex&lt;</span> <span class='ocrx_word' id='word_1_393' title='bbox 1245 2311 1397 2357; x_wconf 88' lang='lat' dir='ltr'>Esther</span> <span class='ocrx_word' id='word_1_394' title='bbox 1410 2311 1619 2373; x_wconf 79' lang='lat' dir='ltr'>Reginam</span> <span class='ocrx_word' id='word_1_395' title='bbox 1639 2305 1756 2356; x_wconf 89' lang='lat' dir='ltr'>suam</span> <span class='ocrx_word' id='word_1_396' title='bbox 1770 2307 1838 2355; x_wconf 87' lang='lat' dir='ltr'>su-</span> 
     </span>
    </p>
   </div>
   <div class='ocr_carea' id='block_1_11' title="bbox 0 1604 18 2299">
    <p class='ocr_par' dir='ltr' id='par_1_15' title="bbox 0 1604 18 2299">
     <span class='ocr_line' id='line_1_35' title="bbox 0 1604 16 1948; baseline 0 -199"><span class='ocrx_word' id='word_1_397' title='bbox 0 1604 16 1948; x_wconf 95' lang='lat' dir='ltr'>   </span> 
     </span>
     <span class='ocr_line' id='line_1_36' title="bbox 0 1948 18 2154; baseline 0 0"><span class='ocrx_word' id='word_1_398' title='bbox 0 1948 18 2154; x_wconf 95' lang='lat' dir='ltr'>  </span> 
     </span>
     <span class='ocr_line' id='line_1_37' title="bbox 0 2154 18 2299; baseline 0 0"><span class='ocrx_word' id='word_1_399' title='bbox 0 2154 18 2299; x_wconf 95' lang='lat' dir='ltr'>  </span> 
     </span>
    </p>
   </div>
   <div class='ocr_carea' id='block_1_12' title="bbox 8 2371 1944 2445">
    <p class='ocr_par' dir='ltr' id='par_1_16' title="bbox 8 2371 1944 2445">
     <span class='ocr_line' id='line_1_38' title="bbox 8 2371 1944 2445; baseline -0.004 -21"><span class='ocrx_word' id='word_1_400' title='bbox 8 2383 26 2436; x_wconf 57' lang='lat' dir='ltr'>li</span> <span class='ocrx_word' id='word_1_401' title='bbox 69 2397 146 2445; x_wconf 86' lang='lat' dir='ltr'>per</span> <span class='ocrx_word' id='word_1_402' title='bbox 159 2379 308 2426; x_wconf 89' lang='lat' dir='ltr'>omnia</span> <span class='ocrx_word' id='word_1_403' title='bbox 333 2375 501 2422; x_wconf 85' lang='lat' dir='ltr'>dilexit:</span> <span class='ocrx_word' id='word_1_404' title='bbox 534 2382 590 2422; x_wconf 79' lang='lat' dir='ltr'>Et</span> <span class='ocrx_word' id='word_1_405' title='bbox 612 2376 821 2423; x_wconf 74' lang='lat' dir='ltr'>adamavit</span> <span class='ocrx_word' id='word_1_406' title='bbox 833 2393 919 2422; x_wconf 87' lang='lat' dir='ltr'>eam</span> <span class='ocrx_word' id='word_1_407' title='bbox 941 2382 1028 2422; x_wconf 87' lang='lat' dir='ltr'>Rex</span> <span class='ocrx_word' id='word_1_408' title='bbox 1035 2372 1136 2439; x_wconf 75' lang='lat' dir='ltr'>plus,</span> <span class='ocrx_word' id='word_1_409' title='bbox 1151 2375 1268 2437; x_wconf 61' lang='lat' dir='ltr'>quum</span> <span class='ocrx_word' id='word_1_410' title='bbox 1285 2393 1414 2422; x_wconf 84' lang='lat' dir='ltr'>omnes</span> <span class='ocrx_word' id='word_1_411' title='bbox 1428 2381 1616 2425; x_wconf 84' lang='lat' dir='ltr'>mulieres,</span> <span class='ocrx_word' id='word_1_412' title='bbox 1627 2376 1837 2435; x_wconf 84' lang='lat' dir='ltr'>habuitque</span> <span class='ocrx_word' id='word_1_413' title='bbox 1851 2371 1944 2415; x_wconf 73' lang='lat' dir='ltr'>Esth.</span> 
     </span>
    </p>
   </div>
   <div class='ocr_carea' id='block_1_13' title="bbox 8 2439 1838 2572">
    <p class='ocr_par' dir='ltr' id='par_1_17' title="bbox 8 2439 1838 2572">
     <span class='ocr_line' id='line_1_39' title="bbox 8 2439 1836 2508; baseline -0.002 -21"><span class='ocrx_word' id='word_1_414' title='bbox 8 2440 27 2487; x_wconf 64' lang='lat' dir='ltr'>lit</span> <span class='ocrx_word' id='word_1_415' title='bbox 64 2450 243 2508; x_wconf 79' lang='lat' dir='ltr'>gratiam</span> <span class='ocrx_word' id='word_1_416' title='bbox 256 2442 305 2491; x_wconf 64' lang='lat'>&amp;²</span> <span class='ocrx_word' id='word_1_417' title='bbox 324 2440 631 2501; x_wconf 77' lang='lat' dir='ltr'>misericordiam</span> <span class='ocrx_word' id='word_1_418' title='bbox 656 2459 789 2488; x_wconf 86' lang='lat' dir='ltr'>coram</span> <span class='ocrx_word' id='word_1_419' title='bbox 799 2459 851 2487; x_wconf 83' lang='lat' dir='ltr'>eo</span> <span class='ocrx_word' id='word_1_420' title='bbox 862 2441 979 2502; x_wconf 83' lang='lat' dir='ltr'>super</span> <span class='ocrx_word' id='word_1_421' title='bbox 1000 2459 1129 2488; x_wconf 86' lang='lat' dir='ltr'>omnes</span> <span class='ocrx_word' id='word_1_422' title='bbox 1146 2447 1343 2490; x_wconf 79' lang='lat' dir='ltr'>mulieres,</span> <span class='ocrx_word' id='word_1_423' title='bbox 1379 2440 1564 2503; x_wconf 75' lang='lat' dir='ltr'>&amp;posuit</span> <span class='ocrx_word' id='word_1_424' title='bbox 1576 2439 1765 2486; x_wconf 72' lang='lat' dir='ltr'>diadema</span> <span class='ocrx_word' id='word_1_425' title='bbox 1778 2457 1836 2485; x_wconf 88' lang='lat' dir='ltr'>re-</span> 
     </span>
     <span class='ocr_line' id='line_1_40' title="bbox 9 2503 1838 2572; baseline -0.002 -18"><span class='ocrx_word' id='word_1_426' title='bbox 9 2518 27 2554; x_wconf 49' lang='lat' dir='ltr'>i*</span> <span class='ocrx_word' id='word_1_427' title='bbox 66 2514 138 2572; x_wconf 82' lang='lat' dir='ltr'>gni</span> <span class='ocrx_word' id='word_1_428' title='bbox 157 2514 198 2555; x_wconf 80' lang='lat' dir='ltr'>in</span> <span class='ocrx_word' id='word_1_429' title='bbox 211 2513 334 2570; x_wconf 89' lang='lat' dir='ltr'>capite</span> <span class='ocrx_word' id='word_1_430' title='bbox 349 2512 454 2563; x_wconf 73' lang='lat' dir='ltr'>ejus?</span> <span class='ocrx_word' id='word_1_431' title='bbox 489 2506 544 2552; x_wconf 85' lang='lat' dir='ltr'>Et</span> <span class='ocrx_word' id='word_1_432' title='bbox 568 2520 708 2553; x_wconf 90' lang='lat' dir='ltr'>tamen</span> <span class='ocrx_word' id='word_1_433' title='bbox 734 2519 882 2553; x_wconf 86' lang='lat' dir='ltr'>contra</span> <span class='ocrx_word' id='word_1_434' title='bbox 905 2524 999 2552; x_wconf 88' lang='lat' dir='ltr'>eam</span> <span class='ocrx_word' id='word_1_435' title='bbox 1011 2509 1176 2570; x_wconf 85' lang='lat' dir='ltr'>virgam</span> <span class='ocrx_word' id='word_1_436' title='bbox 1190 2505 1306 2554; x_wconf 86' lang='lat' dir='ltr'>suam</span> <span class='ocrx_word' id='word_1_437' title='bbox 1327 2505 1526 2558; x_wconf 82' lang='lat' dir='ltr'>extendit,</span> <span class='ocrx_word' id='word_1_438' title='bbox 1542 2511 1590 2553; x_wconf 70' lang='grc' dir='ltr'>δέ</span> <span class='ocrx_word' id='word_1_439' title='bbox 1605 2504 1726 2568; x_wconf 87' lang='lat' dir='ltr'>super</span> <span class='ocrx_word' id='word_1_440' title='bbox 1745 2503 1838 2551; x_wconf 86' lang='lat' dir='ltr'>col-</span> 
     </span>
    </p>
   </div>
   <div class='ocr_carea' id='block_1_14' title="bbox 1997 2383 2073 2419">
    <p class='ocr_par' dir='ltr' id='par_1_18' title="bbox 1997 2383 2073 2419">
     <span class='ocr_line' id='line_1_41' title="bbox 1997 2383 2073 2419; baseline -0.013 -7"><span class='ocrx_word' id='word_1_441' title='bbox 1997 2383 2073 2419; x_wconf 75' lang='grc' dir='ltr'>,ιγ</span> 
     </span>
    </p>
   </div>
   <div class='ocr_carea' id='block_1_15' title="bbox 8 2568 2092 2636">
    <p class='ocr_par' dir='ltr' id='par_1_19' title="bbox 8 2568 2092 2636">
     <span class='ocr_line' id='line_1_42' title="bbox 8 2568 2092 2636; baseline -0.002 -15"><span class='ocrx_word' id='word_1_442' title='bbox 8 2592 27 2621; x_wconf 62' lang='lat'>32,</span> <span class='ocrx_word' id='word_1_443' title='bbox 65 2575 162 2630; x_wconf 63' lang='lat' dir='ltr'>¹lum</span> <span class='ocrx_word' id='word_1_444' title='bbox 181 2578 267 2636; x_wconf 85' lang='lat' dir='ltr'>ejus</span> <span class='ocrx_word' id='word_1_445' title='bbox 289 2570 519 2635; x_wconf 83' lang='lat' dir='ltr'>imposuit:</span> <span class='ocrx_word' id='word_1_446' title='bbox 556 2571 751 2619; x_wconf 77' lang='lat' dir='ltr'>Extendit</span> <span class='ocrx_word' id='word_1_447' title='bbox 771 2586 908 2617; x_wconf 83' lang='lat' dir='ltr'>contra</span> <span class='ocrx_word' id='word_1_448' title='bbox 930 2589 1016 2618; x_wconf 86' lang='lat' dir='ltr'>eam</span> <span class='ocrx_word' id='word_1_449' title='bbox 1038 2579 1191 2634; x_wconf 78' lang='lat' dir='ltr'>virgam</span> <span class='ocrx_word' id='word_1_450' title='bbox 1211 2589 1384 2622; x_wconf 78' lang='lat' dir='ltr'>auream,</span> <span class='ocrx_word' id='word_1_451' title='bbox 1398 2588 1514 2633; x_wconf 85' lang='lat' dir='ltr'>quam</span> <span class='ocrx_word' id='word_1_452' title='bbox 1527 2572 1683 2618; x_wconf 85' lang='lat' dir='ltr'>tenebat</span> <span class='ocrx_word' id='word_1_453' title='bbox 1695 2587 1815 2617; x_wconf 84' lang='lat' dir='ltr'>manu</span> <span class='ocrx_word' id='word_1_454' title='bbox 1830 2604 1840 2620; x_wconf 89' lang='lat'>,</span> <span class='ocrx_word' id='word_1_455' title='bbox 1853 2568 1945 2608; x_wconf 59' lang='grc' dir='ltr'>ΞΜ·</span> <span class='ocrx_word' id='word_1_456' title='bbox 1961 2581 2023 2618; x_wconf 83' lang='lat'>¹5·</span> <span class='ocrx_word' id='word_1_457' title='bbox 2044 2579 2092 2617; x_wconf 80' lang='lat'>¹5</span> 
     </span>
    </p>
   </div>
   <div class='ocr_carea' id='block_1_16' title="bbox 0 2636 1847 2879">
    <p class='ocr_par' dir='ltr' id='par_1_20' title="bbox 0 2636 1847 2879">
     <span class='ocr_line' id='line_1_43' title="bbox 0 2636 1225 2703; baseline -0.005 -16"><span class='ocrx_word' id='word_1_458' title='bbox 0 2698 2 2703; x_wconf 76' lang='lat'><em>.</em></span> <span class='ocrx_word' id='word_1_459' title='bbox 27 2668 29 2674; x_wconf 49' lang='grc' dir='ltr'><strong><em>ι</em></strong></span> <span class='ocrx_word' id='word_1_460' title='bbox 71 2641 224 2703; x_wconf 74' lang='lat' dir='ltr'>ipsaque</span> <span class='ocrx_word' id='word_1_461' title='bbox 238 2637 422 2684; x_wconf 78' lang='lat' dir='ltr'>accedens</span> <span class='ocrx_word' id='word_1_462' title='bbox 440 2637 616 2697; x_wconf 80' lang='lat' dir='ltr'>osculata</span> <span class='ocrx_word' id='word_1_463' title='bbox 637 2636 690 2698; x_wconf 84' lang='lat' dir='ltr'>est</span> <span class='ocrx_word' id='word_1_464' title='bbox 704 2637 972 2698; x_wconf 68' lang='lat' dir='ltr'>summitatem</span> <span class='ocrx_word' id='word_1_465' title='bbox 993 2642 1112 2699; x_wconf 69' lang='lat' dir='ltr'>virga</span> <span class='ocrx_word' id='word_1_466' title='bbox 1133 2643 1225 2689; x_wconf 82' lang='lat' dir='ltr'>eius.</span> 
     </span>
     <span class='ocr_line' id='line_1_44' title="bbox 170 2699 1844 2766; baseline -0.002 -17"><span class='ocrx_word' id='word_1_467' title='bbox 170 2703 248 2749; x_wconf 88' lang='lat' dir='ltr'>Per</span> <span class='ocrx_word' id='word_1_468' title='bbox 259 2704 485 2748; x_wconf 69' lang='lat' dir='ltr'>Affiserum</span> <span class='ocrx_word' id='word_1_469' title='bbox 500 2702 721 2749; x_wconf 87' lang='lat' dir='ltr'>Christum</span> <span class='ocrx_word' id='word_1_470' title='bbox 733 2701 950 2761; x_wconf 82' lang='lat' dir='ltr'>JESUM,</span> <span class='ocrx_word' id='word_1_471' title='bbox 966 2701 1130 2766; x_wconf 87' lang='lat' dir='ltr'>Regem</span> <span class='ocrx_word' id='word_1_472' title='bbox 1144 2702 1314 2764; x_wconf 89' lang='lat' dir='ltr'>Regum</span> <span class='ocrx_word' id='word_1_473' title='bbox 1327 2735 1337 2750; x_wconf 87' lang='lat'><strong>‚</strong></span> <span class='ocrx_word' id='word_1_474' title='bbox 1349 2706 1399 2748; x_wconf 71' lang='grc' dir='ltr'>δέ</span> <span class='ocrx_word' id='word_1_475' title='bbox 1412 2700 1665 2748; x_wconf 89' lang='lat' dir='ltr'>Dominum</span> <span class='ocrx_word' id='word_1_476' title='bbox 1677 2699 1844 2747; x_wconf 86' lang='lat' dir='ltr'>Domi-</span> 
     </span>
     <span class='ocr_line' id='line_1_45' title="bbox 12 2763 1847 2879; baseline -0.001 -66"><span class='ocrx_word' id='word_1_477' title='bbox 12 2769 31 2842; x_wconf 69' lang='grc' dir='ltr'> </span> <span class='ocrx_word' id='word_1_478' title='bbox 76 2768 266 2815; x_wconf 79' lang='lat' dir='ltr'>nantium</span> <span class='ocrx_word' id='word_1_479' title='bbox 279 2765 466 2817; x_wconf 83' lang='lat' dir='ltr'>subaudi,</span> <span class='ocrx_word' id='word_1_480' title='bbox 480 2769 554 2832; x_wconf 86' lang='lat' dir='ltr'>qui</span> <span class='ocrx_word' id='word_1_481' title='bbox 578 2769 622 2815; x_wconf 89' lang='lat' dir='ltr'>in</span> <span class='ocrx_word' id='word_1_482' title='bbox 633 2768 714 2815; x_wconf 86' lang='lat' dir='ltr'>hac</span> <span class='ocrx_word' id='word_1_483' title='bbox 727 2769 814 2815; x_wconf 83' lang='lat' dir='ltr'>vita</span> <span class='ocrx_word' id='word_1_484' title='bbox 828 2767 999 2815; x_wconf 83' lang='lat' dir='ltr'>mortali</span> <span class='ocrx_word' id='word_1_485' title='bbox 1021 2781 1170 2816; x_wconf 85' lang='lat' dir='ltr'>contra</span> <span class='ocrx_word' id='word_1_486' title='bbox 1184 2767 1579 2815; x_wconf 81' lang='lat' dir='ltr'>innocentiffimam</span> <span class='ocrx_word' id='word_1_487' title='bbox 1592 2783 1644 2814; x_wconf 86' lang='lat' dir='ltr'>ac</span> <span class='ocrx_word' id='word_1_488' title='bbox 1662 2763 1847 2879; x_wconf 54' lang='lat' dir='ltr'>dissliffi</span> 
     </span>
    </p>
   </div>
  </div>
 </body>
</html>
